Name,Main Web Page,Main Image,Second Image,Third Image,Fourth Image,Fifth Image,Sixth Image,Seventh Image,Eighth Image,Price,Discounted Price,Collar
MENS SHIRT-DEPAK,https://www.salian.com/men/clothes/casual-shirt/mens-shirt-depak.html,https://www.salian.com/media/catalog/product/cache/4/thumbnail/9df78eab33525d08d6e5fb8d27136e95/p/r/product_image_63753_1620320886.jpg?tp=959557094,https://www.salian.com/media/catalog/product/cache/4/thumbnail/9df78eab33525d08d6e5fb8d27136e95/p/r/product_image_63753_1620320893.jpg?tp=1833705431,[],[],[],[],[],[],6200000,4650000,[]
MENS PRINTED  SHIRT-WISHO,https://www.salian.com/men/clothes/casual-shirt/mens-printed-shirt-wisho.html,https://www.salian.com/media/catalog/product/cache/4/thumbnail/9df78eab33525d08d6e5fb8d27136e95/p/r/product_image_63747_1621261274.jpg?tp=267931950,[],[],[],[],[],[],[],4350000,3262500,[]
MENS STRIPED SHIRT-WIPAL,https://www.salian.com/men/clothes/casual-shirt/mens-striped-shirt-wipal.html,https://www.salian.com/media/catalog/product/cache/4/thumbnail/9df78eab33525d08d6e5fb8d27136e95/p/r/product_image_63705_1620237027.jpg?tp=1745818236,https://www.salian.com/media/catalog/product/cache/4/thumbnail/9df78eab33525d08d6e5fb8d27136e95/p/r/product_image_63705_1620237033.jpg?tp=1370955630,[],[],[],[],[],[],4750000,3562500,[]
MENS SHIRT-WIDOK,https://www.salian.com/men/clothes/casual-shirt/mens-shirt-widok.html,https://www.salian.com/media/catalog/product/cache/4/thumbnail/9df78eab33525d08d6e5fb8d27136e95/p/r/product_image_63694_1621231224.jpg?tp=1718570800,https://www.salian.com/media/catalog/product/cache/4/thumbnail/9df78eab33525d08d6e5fb8d27136e95/p/r/product_image_63694_1621231231.jpg?tp=729958152,[],[],[],[],[],[],4280000,3210000,[]
MENS SHORT SLEEVE  SHIRT-ATRIS,https://www.salian.com/men/clothes/casual-shirt/mens-short-sleeve-shirt-atris.html,https://www.salian.com/media/catalog/product/cache/4/thumbnail/9df78eab33525d08d6e5fb8d27136e95/p/r/product_image_63655_1621167137.jpg?tp=1719520178,[],[],[],[],[],[],[],4800000,3600000,[]
MENS CHECKED SHIRT-WALMOND,https://www.salian.com/men/clothes/casual-shirt/mens-checked-shirt-walmond.html,https://www.salian.com/media/catalog/product/cache/4/thumbnail/9df78eab33525d08d6e5fb8d27136e95/p/r/product_image_63536_1621428613.jpg?tp=591543340,https://www.salian.com/media/catalog/product/cache/4/thumbnail/9df78eab33525d08d6e5fb8d27136e95/p/r/product_image_63536_1621428617.jpg?tp=104686172,[],[],[],[],[],[],6750000,5062500,[]
MENS PLAIN SHIRT-WALDI,https://www.salian.com/men/clothes/casual-shirt/mens-plain-shirt-waldi.html,https://www.salian.com/media/catalog/product/cache/4/thumbnail/9df78eab33525d08d6e5fb8d27136e95/p/r/product_image_63530_1621159564.jpg?tp=1043933875,https://www.salian.com/media/catalog/product/cache/4/thumbnail/9df78eab33525d08d6e5fb8d27136e95/p/r/product_image_63530_1621159572.jpg?tp=502352178,[],[],[],[],[],[],4380000,3285000,[]
MENS CHECKED SHIRT-WIT,https://www.salian.com/men/clothes/casual-shirt/mens-checked-shirt-wit.html,https://www.salian.com/media/catalog/product/cache/4/thumbnail/9df78eab33525d08d6e5fb8d27136e95/p/r/product_image_63437_1619957820.jpg?tp=978082227,https://www.salian.com/media/catalog/product/cache/4/thumbnail/9df78eab33525d08d6e5fb8d27136e95/p/r/product_image_63437_1619957823.jpg?tp=1376545936,[],[],[],[],[],[],5250000,3937500,[]
MENS CHECKED SHIRT-WARIUS,https://www.salian.com/men/clothes/casual-shirt/mens-checked-shirt-warius.html,https://www.salian.com/media/catalog/product/cache/4/thumbnail/9df78eab33525d08d6e5fb8d27136e95/p/r/product_image_63431_1621231133.jpg?tp=348495510,https://www.salian.com/media/catalog/product/cache/4/thumbnail/9df78eab33525d08d6e5fb8d27136e95/p/r/product_image_63431_1621231139.jpg?tp=1170400353,[],[],[],[],[],[],5250000,3937500,[]
MENS CHECKED SHIRT-WIDELL,https://www.salian.com/men/clothes/casual-shirt/mens-checked-shirt-widell.html,https://www.salian.com/media/catalog/product/cache/4/thumbnail/9df78eab33525d08d6e5fb8d27136e95/p/r/product_image_63425_1619070219.jpg?tp=1891278954,https://www.salian.com/media/catalog/product/cache/4/thumbnail/9df78eab33525d08d6e5fb8d27136e95/p/r/product_image_63425_1619070222.jpg?tp=472688009,[],[],[],[],[],[],5250000,3937500,[]
MENS PLAIN  SHIRT-WALTER,https://www.salian.com/men/clothes/casual-shirt/mens-plain-shirt-walter.html,https://www.salian.com/media/catalog/product/cache/4/thumbnail/9df78eab33525d08d6e5fb8d27136e95/p/r/product_image_63410_1620544025.jpg?tp=1851898113,https://www.salian.com/media/catalog/product/cache/4/thumbnail/9df78eab33525d08d6e5fb8d27136e95/p/r/product_image_63410_1620544031.jpg?tp=737840829,[],[],[],[],[],[],4800000,3600000,[]
MENS STRIPED SHIRT-WAITER,https://www.salian.com/men/clothes/casual-shirt/mens-striped-shirt-waiter.html,https://www.salian.com/media/catalog/product/cache/4/thumbnail/9df78eab33525d08d6e5fb8d27136e95/p/r/product_image_63404_1620535850.jpg?tp=1413839257,[],[],[],[],[],[],[],4500000,3375000,[]
MENS PRINTED SHIRT-WESTROOK,https://www.salian.com/men/clothes/casual-shirt/mens-printed-shirt-westrook.html,https://www.salian.com/media/catalog/product/cache/4/thumbnail/9df78eab33525d08d6e5fb8d27136e95/p/r/product_image_63197_1621230163.jpg?tp=1518511478,[],[],[],[],[],[],[],3850000,2887500,[]
MENS CHECKED SHIRT-WATKINS,https://www.salian.com/men/clothes/casual-shirt/mens-checked-shirt-watkins.html,https://www.salian.com/media/catalog/product/cache/4/thumbnail/9df78eab33525d08d6e5fb8d27136e95/p/r/product_image_63181_1620456224.jpg?tp=1339423845,https://www.salian.com/media/catalog/product/cache/4/thumbnail/9df78eab33525d08d6e5fb8d27136e95/p/r/product_image_63181_1620456231.jpg?tp=750911573,[],[],[],[],[],[],4800000,3600000,[]
MENS CHECKED SHIRT-DERKAS,https://www.salian.com/men/clothes/casual-shirt/mens-checked-shirt-derkas.html,https://www.salian.com/media/catalog/product/cache/4/thumbnail/9df78eab33525d08d6e5fb8d27136e95/p/r/product_image_63175_1618599771.jpg?tp=257974984,https://www.salian.com/media/catalog/product/cache/4/thumbnail/9df78eab33525d08d6e5fb8d27136e95/p/r/product_image_63175_1618599776.jpg?tp=1132756629,[],[],[],[],[],[],4900000,3675000,[]
MENS CHECHKED SHIRT-WIPLY,https://www.salian.com/men/clothes/casual-shirt/mens-chechked-shirt-wiply.html,https://www.salian.com/media/catalog/product/cache/4/thumbnail/9df78eab33525d08d6e5fb8d27136e95/p/r/product_image_63169_1619433325.jpg?tp=2063611031,https://www.salian.com/media/catalog/product/cache/4/thumbnail/9df78eab33525d08d6e5fb8d27136e95/p/r/product_image_63169_1619433329.jpg?tp=1976887952,[],[],[],[],[],[],5550000,4162500,[]
MENS CHECKED SHIRT-WYAM,https://www.salian.com/men/clothes/casual-shirt/mens-checked-shirt-wyam.html,https://www.salian.com/media/catalog/product/cache/4/thumbnail/9df78eab33525d08d6e5fb8d27136e95/p/r/product_image_63163_1621428245.jpg?tp=1174758405,[],[],[],[],[],[],[],4750000,3562500,[]
MENS SHIRT WITH HOOD-FLEMMER,https://www.salian.com/men/clothes/casual-shirt/mens-shirt-with-hood-flemmer.html,https://www.salian.com/media/catalog/product/cache/4/thumbnail/9df78eab33525d08d6e5fb8d27136e95/p/r/product_image_61987_1621354637.jpg?tp=982148566,https://www.salian.com/media/catalog/product/cache/4/thumbnail/9df78eab33525d08d6e5fb8d27136e95/p/r/product_image_61987_1621354640.jpg?tp=195669877,[],[],[],[],[],[],5280000,3960000,[]
MENS PLAIN SHIRT-WOLDER,https://www.salian.com/men/clothes/casual-shirt/mens-plain-shirt-wolder.html,https://www.salian.com/media/catalog/product/cache/4/thumbnail/9df78eab33525d08d6e5fb8d27136e95/p/r/product_image_61720_1621499040.jpg?tp=1022370325,[],[],[],[],[],[],[],3950000,2962500,[]
MENS STRIPED SHIRT-CLADY,https://www.salian.com/men/clothes/casual-shirt/mens-striped-shirt-clady.html,https://www.salian.com/media/catalog/product/cache/4/thumbnail/9df78eab33525d08d6e5fb8d27136e95/p/r/product_image_60140_1618228780.jpg?tp=566735415,https://www.salian.com/media/catalog/product/cache/4/thumbnail/9df78eab33525d08d6e5fb8d27136e95/p/r/product_image_60140_1618228784.jpg?tp=332104921,[],[],[],[],[],[],5950000,4462500,[]
MENS PRINTED SHIRT-WESTCOTT,https://www.salian.com/men/clothes/casual-shirt/mens-printed-shirt-westcott.html,https://www.salian.com/media/catalog/product/cache/4/thumbnail/9df78eab33525d08d6e5fb8d27136e95/p/r/product_image_60115_1620630394.jpg?tp=852919691,[],[],[],[],[],[],[],3980000,2985000,[]
MENS PLAIN SHIRT-MARKAN,https://www.salian.com/men/clothes/casual-shirt/mens-plain-shirt-markan.html,https://www.salian.com/media/catalog/product/cache/4/thumbnail/9df78eab33525d08d6e5fb8d27136e95/p/r/product_image_60099_1620630295.jpg?tp=1355315208,https://www.salian.com/media/catalog/product/cache/4/thumbnail/9df78eab33525d08d6e5fb8d27136e95/p/r/product_image_60099_1620630299.jpg?tp=269361304,[],[],[],[],[],[],5500000,4125000,[]
MENS CHECKED SHIRT-WIPER,https://www.salian.com/men/clothes/casual-shirt/mens-checked-shirt-wiper.html,https://www.salian.com/media/catalog/product/cache/4/thumbnail/9df78eab33525d08d6e5fb8d27136e95/p/r/product_image_60080_1618768834.jpg?tp=902570871,https://www.salian.com/media/catalog/product/cache/4/thumbnail/9df78eab33525d08d6e5fb8d27136e95/p/r/product_image_60080_1618768839.jpg?tp=1562271034,[],[],[],[],[],[],5600000,3920000,[]
MENS CHECKED SHIRT-DANLIN,https://www.salian.com/men/clothes/casual-shirt/mens-checked-shirt-danlin.html,https://www.salian.com/media/catalog/product/cache/4/thumbnail/9df78eab33525d08d6e5fb8d27136e95/p/r/product_image_59051_1621228744.jpg?tp=1752263015,[],[],[],[],[],[],[],5500000,4125000,[]
MENS STRIPED SHIRT-BERNIN,https://www.salian.com/men/clothes/casual-shirt/mens-striped-shirt-bernin.html,https://www.salian.com/media/catalog/product/cache/4/thumbnail/9df78eab33525d08d6e5fb8d27136e95/p/r/product_image_59039_1621229359.jpg?tp=1099892588,[],[],[],[],[],[],[],3850000,2887500,[]
MENS CHECKED SHIRT-DOMING,https://www.salian.com/men/clothes/casual-shirt/mens-checked-shirt-doming.html,https://www.salian.com/media/catalog/product/cache/4/thumbnail/9df78eab33525d08d6e5fb8d27136e95/p/r/product_image_59007_1620629571.jpg?tp=1139753586,https://www.salian.com/media/catalog/product/cache/4/thumbnail/9df78eab33525d08d6e5fb8d27136e95/p/r/product_image_59007_1620629580.jpg?tp=1890682710,[],[],[],[],[],[],5500000,4125000,[]
MENS PLAIN SHIRT- WAYMON,https://www.salian.com/men/clothes/casual-shirt/mens-plain-shirt-waymon.html,https://www.salian.com/media/catalog/product/cache/4/thumbnail/9df78eab33525d08d6e5fb8d27136e95/p/r/product_image_59001_1620629716.jpg?tp=371659106,https://www.salian.com/media/catalog/product/cache/4/thumbnail/9df78eab33525d08d6e5fb8d27136e95/p/r/product_image_59001_1620629723.jpg?tp=1866954742,[],[],[],[],[],[],5800000,4350000,[]
MENS PLAIN SHIRT-WEIDO,https://www.salian.com/men/clothes/casual-shirt/mens-plain-shirt-weido.html,https://www.salian.com/media/catalog/product/cache/4/thumbnail/9df78eab33525d08d6e5fb8d27136e95/p/r/product_image_58995_1621483551.jpg?tp=1969668854,https://www.salian.com/media/catalog/product/cache/4/thumbnail/9df78eab33525d08d6e5fb8d27136e95/p/r/product_image_58995_1621483551_1.jpg?tp=763172285,https://www.salian.com/media/catalog/product/cache/4/thumbnail/9df78eab33525d08d6e5fb8d27136e95/p/r/product_image_58995_1621483556.jpg?tp=1768285042,https://www.salian.com/media/catalog/product/cache/4/thumbnail/9df78eab33525d08d6e5fb8d27136e95/p/r/product_image_58995_1621483557.jpg?tp=2075443344,[],[],[],[],4900000,3675000,[]
MENS PRT POLKA DOT SHIRT-CATOD,https://www.salian.com/men/clothes/casual-shirt/mens-prt-polka-dot-shirt-catod.html,https://www.salian.com/media/catalog/product/cache/4/thumbnail/9df78eab33525d08d6e5fb8d27136e95/p/r/product_image_57575_1620842963.jpg?tp=585400741,https://www.salian.com/media/catalog/product/cache/4/thumbnail/9df78eab33525d08d6e5fb8d27136e95/p/r/product_image_57575_1620842968.jpg?tp=1489880998,[],[],[],[],[],[],3280000,2460000,[]
MENS CHECKED SHIRT-WITOLD,https://www.salian.com/men/clothes/casual-shirt/mens-checked-shirt-witold.html,https://www.salian.com/media/catalog/product/cache/4/thumbnail/9df78eab33525d08d6e5fb8d27136e95/p/r/product_image_57554_1620628800.jpg?tp=1943190636,https://www.salian.com/media/catalog/product/cache/4/thumbnail/9df78eab33525d08d6e5fb8d27136e95/p/r/product_image_57554_1620628806.jpg?tp=410969728,[],[],[],[],[],[],4480000,3360000,[]
MENS PRINTED SHIRT-BRIK,https://www.salian.com/men/clothes/casual-shirt/mens-printed-shirt-brik.html,https://www.salian.com/media/catalog/product/cache/4/thumbnail/9df78eab33525d08d6e5fb8d27136e95/p/r/product_image_57543_1620809467.jpg?tp=1157050158,[],[],[],[],[],[],[],3350000,2512500,[]
MENS CHECKED SHIRT-RAVIN,https://www.salian.com/men/clothes/casual-shirt/mens-checked-shirt-ravin.html,https://www.salian.com/media/catalog/product/cache/4/thumbnail/9df78eab33525d08d6e5fb8d27136e95/p/r/product_image_57518_1620994910.jpg?tp=245176178,https://www.salian.com/media/catalog/product/cache/4/thumbnail/9df78eab33525d08d6e5fb8d27136e95/p/r/product_image_57518_1620994917.jpg?tp=1391009779,[],[],[],[],[],[],3150000,2205000,[]
MENS SHIRT-WESTON,https://www.salian.com/men/clothes/casual-shirt/mens-shirt-weston.html,https://www.salian.com/media/catalog/product/cache/4/thumbnail/9df78eab33525d08d6e5fb8d27136e95/p/r/product_image_51826_1620711325.jpg?tp=769902520,https://www.salian.com/media/catalog/product/cache/4/thumbnail/9df78eab33525d08d6e5fb8d27136e95/p/r/product_image_51826_1620711326.jpg?tp=1315432843,https://www.salian.com/media/catalog/product/cache/4/thumbnail/9df78eab33525d08d6e5fb8d27136e95/p/r/product_image_51826_1620711332.jpg?tp=371235302,https://www.salian.com/media/catalog/product/cache/4/thumbnail/9df78eab33525d08d6e5fb8d27136e95/p/r/product_image_51826_1620711332_1.jpg?tp=1252246451,[],[],[],[],3850000,2887500,[]
MENS SHIRT-WINPAL,https://www.salian.com/men/clothes/casual-shirt/mens-shirt-winpal.html,https://www.salian.com/media/catalog/product/cache/4/thumbnail/9df78eab33525d08d6e5fb8d27136e95/p/r/product_image_51778_1620299818.jpg?tp=1120591071,https://www.salian.com/media/catalog/product/cache/4/thumbnail/9df78eab33525d08d6e5fb8d27136e95/p/r/product_image_51778_1620299827.jpg?tp=84658634,[],[],[],[],[],[],3150000,2362500,[]
MENS POLKA DOT SHIRT-DIZO,https://www.salian.com/men/clothes/casual-shirt/mens-polka-dot-shirt-dizo.html,https://www.salian.com/media/catalog/product/cache/4/thumbnail/9df78eab33525d08d6e5fb8d27136e95/p/r/product_image_51756_1617756216.jpg?tp=677144772,https://www.salian.com/media/catalog/product/cache/4/thumbnail/9df78eab33525d08d6e5fb8d27136e95/p/r/product_image_51756_1617756219.jpg?tp=308161406,[],[],[],[],[],[],4750000,3562500,[]
MENS SHIRT-DIKAN,https://www.salian.com/men/clothes/casual-shirt/mens-shirt-dikan.html,https://www.salian.com/media/catalog/product/cache/4/thumbnail/9df78eab33525d08d6e5fb8d27136e95/p/r/product_image_51750_1617756076.jpg?tp=1125517922,https://www.salian.com/media/catalog/product/cache/4/thumbnail/9df78eab33525d08d6e5fb8d27136e95/p/r/product_image_51750_1617756078.jpg?tp=527823076,[],[],[],[],[],[],4750000,3562500,[]
MENS PLAINED SHIRT-WAYMAN,https://www.salian.com/men/clothes/casual-shirt/mens-plained-shirt-wayman.html,https://www.salian.com/media/catalog/product/cache/4/thumbnail/9df78eab33525d08d6e5fb8d27136e95/p/r/product_image_51492_1617754475.jpg?tp=15628055,https://www.salian.com/media/catalog/product/cache/4/thumbnail/9df78eab33525d08d6e5fb8d27136e95/p/r/product_image_51492_1617754478.jpg?tp=1517791048,[],[],[],[],[],[],4600000,3450000,[]
MENS CHECKED SHIRT-WIAN,https://www.salian.com/men/clothes/casual-shirt/mens-checked-shirt-wian.html,https://www.salian.com/media/catalog/product/cache/4/thumbnail/9df78eab33525d08d6e5fb8d27136e95/p/r/product_image_50727_1620627107.jpg?tp=274623504,https://www.salian.com/media/catalog/product/cache/4/thumbnail/9df78eab33525d08d6e5fb8d27136e95/p/r/product_image_50727_1620627111.jpg?tp=534504724,[],[],[],[],[],[],3450000,2587500,[]
MENS POLKA DOT SHIRT-MORAL,https://www.salian.com/men/clothes/casual-shirt/mens-polka-dot-shirt-moral.html,https://www.salian.com/media/catalog/product/cache/4/thumbnail/9df78eab33525d08d6e5fb8d27136e95/p/r/product_image_49890_1619842146.jpg?tp=435876553,[],[],[],[],[],[],[],3600000,2700000,[]
MENS SHIRT-WOGE,https://www.salian.com/men/clothes/casual-shirt/mens-shirt-woge.html,https://www.salian.com/media/catalog/product/cache/4/thumbnail/9df78eab33525d08d6e5fb8d27136e95/p/r/product_image_49879_1621173044.jpg?tp=1806473120,https://www.salian.com/media/catalog/product/cache/4/thumbnail/9df78eab33525d08d6e5fb8d27136e95/p/r/product_image_49879_1621173052.jpg?tp=311948822,[],[],[],[],[],[],2550000,1912500,[]
MENS CHECKED SHIRT-MATRIS,https://www.salian.com/men/clothes/casual-shirt/mens-checked-shirt-matris.html,https://www.salian.com/media/catalog/product/cache/4/thumbnail/9df78eab33525d08d6e5fb8d27136e95/p/r/product_image_49851_1618631291.jpg?tp=542018081,https://www.salian.com/media/catalog/product/cache/4/thumbnail/9df78eab33525d08d6e5fb8d27136e95/p/r/product_image_49851_1618631297.jpg?tp=611327762,[],[],[],[],[],[],3900000,1950000,[]
MENS CHECKED SHIRT-WILLIT,https://www.salian.com/men/clothes/casual-shirt/mens-checked-shirt-willit.html,https://www.salian.com/media/catalog/product/cache/4/thumbnail/9df78eab33525d08d6e5fb8d27136e95/p/r/product_image_48706_1620627382.jpg?tp=1153010845,https://www.salian.com/media/catalog/product/cache/4/thumbnail/9df78eab33525d08d6e5fb8d27136e95/p/r/product_image_48706_1620627387.jpg?tp=426695764,[],[],[],[],[],[],4200000,3150000,[]
MENS PRINTED SHIRT-WIMMY,https://www.salian.com/men/clothes/casual-shirt/mens-printed-shirt-wimmy.html,https://www.salian.com/media/catalog/product/cache/4/thumbnail/9df78eab33525d08d6e5fb8d27136e95/p/r/product_image_48201_1620964928.jpg?tp=1861706454,https://www.salian.com/media/catalog/product/cache/4/thumbnail/9df78eab33525d08d6e5fb8d27136e95/p/r/product_image_48201_1620964935.jpg?tp=962183394,[],[],[],[],[],[],3450000,1725000,[]
MENS PRINT SHIRT-WILBURN,https://www.salian.com/men/clothes/casual-shirt/mens-print-shirt-wilburn.html,https://www.salian.com/media/catalog/product/cache/4/thumbnail/9df78eab33525d08d6e5fb8d27136e95/p/r/product_image_48195_1617733453.jpg?tp=282328038,https://www.salian.com/media/catalog/product/cache/4/thumbnail/9df78eab33525d08d6e5fb8d27136e95/p/r/product_image_48195_1617733456.jpg?tp=568078613,[],[],[],[],[],[],4450000,3337500,[]
MENS SHIRT-DARIAN,https://www.salian.com/men/clothes/casual-shirt/mens-shirt-darian.html,https://www.salian.com/media/catalog/product/cache/4/thumbnail/9df78eab33525d08d6e5fb8d27136e95/p/r/product_image_43605_1619265455.jpg?tp=620573211,[],[],[],[],[],[],[],3780000,1890000,[]
MENS PLAIN SHIRT-EVANS,https://www.salian.com/men/clothes/casual-shirt/mens-plain-shirt-evans.html,https://www.salian.com/media/catalog/product/cache/4/thumbnail/9df78eab33525d08d6e5fb8d27136e95/p/r/product_image_40560_1618463767.jpg?tp=65154524,[],[],[],[],[],[],[],3350000,2512500,[]
SLIM SHIRT-DOYAL,https://www.salian.com/men/clothes/casual-shirt/slim-shirt-doyal.html,https://www.salian.com/media/catalog/product/cache/4/thumbnail/9df78eab33525d08d6e5fb8d27136e95/p/r/product_image_25748_1620460105.jpg?tp=2043882955,[],[],[],[],[],[],[],3650000,2737500,[]
