Name,Main Web Page,Main Image,Second Image,Third Image,Fourth Image,Fifth Image,Sixth Image,Seventh Image,Eighth Image,Price,Discounted Price,Collar
MENS CHINO PANT-TEBON,https://www.salian.com/catalog/product/view/id/67241/s/mens-chino-pant-tebon/category/154/,https://www.salian.com/media/catalog/product/cache/4/thumbnail/9df78eab33525d08d6e5fb8d27136e95/p/r/product_image_67241_1621485176.jpg?tp=1714396178,https://www.salian.com/media/catalog/product/cache/4/thumbnail/9df78eab33525d08d6e5fb8d27136e95/p/r/product_image_67241_1621485178.jpg?tp=476754004,[],[],[],[],[],[],12650000,9487500,[]
MENC CHECKED CLASSIC PANT-OPAN,https://www.salian.com/catalog/product/view/id/67204/s/menc-checked-classic-pant-opan/category/154/,https://www.salian.com/media/catalog/product/cache/4/thumbnail/9df78eab33525d08d6e5fb8d27136e95/p/r/product_image_67204_1621234790.jpg?tp=1844499917,https://www.salian.com/media/catalog/product/cache/4/thumbnail/9df78eab33525d08d6e5fb8d27136e95/p/r/product_image_67204_1621234796.jpg?tp=1669904953,[],[],[],[],[],[],9800000,7350000,[]
MENS STRIPED PANT-KETROS,https://www.salian.com/men/clothes/pants/mens-striped-pant-ketros.html,https://www.salian.com/media/catalog/product/cache/4/thumbnail/9df78eab33525d08d6e5fb8d27136e95/p/r/product_image_66166_1621442223.jpg?tp=1688216451,[],[],[],[],[],[],[],3250000,2437500,[]
MENS PIQUE CHINO PANT-TIMAX,https://www.salian.com/men/clothes/pants/mens-pique-chino-pant-timax.html,https://www.salian.com/media/catalog/product/cache/4/thumbnail/9df78eab33525d08d6e5fb8d27136e95/p/r/product_image_66114_1620325567.jpg?tp=1310928712,[],[],[],[],[],[],[],11950000,8962500,[]
MENS CARGO CHINO PANT-KANSO,https://www.salian.com/men/clothes/pants/mens-cargo-chino-pant-kanso.html,https://www.salian.com/media/catalog/product/cache/4/thumbnail/9df78eab33525d08d6e5fb8d27136e95/p/r/product_image_66080_1619261705.jpg?tp=340022758,https://www.salian.com/media/catalog/product/cache/4/thumbnail/9df78eab33525d08d6e5fb8d27136e95/p/r/product_image_66080_1619261707.jpg?tp=1377964067,[],[],[],[],[],[],10800000,8100000,[]
MENS CHINO PANT-DAYLIN,https://www.salian.com/men/clothes/pants/mens-chino-pant-daylin.html,https://www.salian.com/media/catalog/product/cache/4/thumbnail/9df78eab33525d08d6e5fb8d27136e95/p/r/product_image_66076_1621160062.jpg?tp=831799246,https://www.salian.com/media/catalog/product/cache/4/thumbnail/9df78eab33525d08d6e5fb8d27136e95/images/catalog/product/placeholder/thumbnail.jpg?tp=2029087303,[],[],[],[],[],[],10500000,7875000,[]
MENS CLASSIC PANT-TENDO,https://www.salian.com/men/clothes/pants/mens-classic-pant-tendo.html,https://www.salian.com/media/catalog/product/cache/4/thumbnail/9df78eab33525d08d6e5fb8d27136e95/p/r/product_image_66069_1618128896.jpg?tp=589939406,https://www.salian.com/media/catalog/product/cache/4/thumbnail/9df78eab33525d08d6e5fb8d27136e95/p/r/product_image_66069_1618128897.jpg?tp=2117067258,[],[],[],[],[],[],9800000,7350000,[]
MENS CLASSIC PANT-OPEND,https://www.salian.com/men/clothes/pants/mens-classic-pant-opend.html,https://www.salian.com/media/catalog/product/cache/4/thumbnail/9df78eab33525d08d6e5fb8d27136e95/p/r/product_image_66062_1620709473.jpg?tp=1666824825,https://www.salian.com/media/catalog/product/cache/4/thumbnail/9df78eab33525d08d6e5fb8d27136e95/p/r/product_image_66062_1620709479.jpg?tp=1568697909,[],[],[],[],[],[],14000000,10500000,[]
MENS CHINO PANT-TEMEL,https://www.salian.com/men/clothes/pants/mens-chino-pant-temel.html,https://www.salian.com/media/catalog/product/cache/4/thumbnail/9df78eab33525d08d6e5fb8d27136e95/p/r/product_image_66037_1619446574.jpg?tp=652586994,[],[],[],[],[],[],[],12000000,9000000,[]
MENS PIQUE CHINO PANT-ONTOL,https://www.salian.com/men/clothes/pants/mens-pique-chino-pant-ontol.html,https://www.salian.com/media/catalog/product/cache/4/thumbnail/9df78eab33525d08d6e5fb8d27136e95/p/r/product_image_63050_1620319548.jpg?tp=1822970039,https://www.salian.com/media/catalog/product/cache/4/thumbnail/9df78eab33525d08d6e5fb8d27136e95/p/r/product_image_63050_1620319554.jpg?tp=1603614139,[],[],[],[],[],[],11500000,8625000,[]
MENS PIQUE CHINO PANT-OBEL,https://www.salian.com/men/clothes/pants/mens-pique-chino-pant-obel.html,https://www.salian.com/media/catalog/product/cache/4/thumbnail/9df78eab33525d08d6e5fb8d27136e95/p/r/product_image_62988_1620708374.jpg?tp=1285758203,[],[],[],[],[],[],[],11500000,8625000,[]
CLASSIC PANT-0043,https://www.salian.com/men/clothes/pants/classic-pant-0043.html,https://www.salian.com/media/catalog/product/cache/4/thumbnail/9df78eab33525d08d6e5fb8d27136e95/p/r/product_image_62949_1620995366.jpg?tp=1102109165,https://www.salian.com/media/catalog/product/cache/4/thumbnail/9df78eab33525d08d6e5fb8d27136e95/p/r/product_image_62949_1620995372.jpg?tp=8921943,[],[],[],[],[],[],5900000,4130000,[]
MENS SLIM DENIM PANT-ANDRO-Z,https://www.salian.com/men/clothes/pants/mens-slim-denim-pant-andro-z.html,https://www.salian.com/media/catalog/product/cache/4/thumbnail/9df78eab33525d08d6e5fb8d27136e95/p/r/product_image_62936_1621141023.jpg?tp=780425820,[],[],[],[],[],[],[],4980000,3735000,[]
MENS SLIM FIT DENIM PANT-ANDRI,https://www.salian.com/men/clothes/pants/mens-slim-fit-denim-pant-andri.html,https://www.salian.com/media/catalog/product/cache/4/thumbnail/9df78eab33525d08d6e5fb8d27136e95/p/r/product_image_62917_1620319188.jpg?tp=236319652,[],[],[],[],[],[],[],4980000,3735000,[]
MENS SLIM FIT DENIM PANT-ANDER,https://www.salian.com/men/clothes/pants/mens-slim-fit-denim-pant-ander.html,https://www.salian.com/media/catalog/product/cache/4/thumbnail/9df78eab33525d08d6e5fb8d27136e95/p/r/product_image_62904_1621140957.jpg?tp=231547360,[],[],[],[],[],[],[],4980000,3735000,[]
MENS NORMAL DENIM PANT-MILAS-Z,https://www.salian.com/men/clothes/pants/mens-normal-denim-pant-milas-z.html,https://www.salian.com/media/catalog/product/cache/4/thumbnail/9df78eab33525d08d6e5fb8d27136e95/p/r/product_image_62885_1620843291.jpg?tp=244293155,[],[],[],[],[],[],[],4980000,3735000,[]
MENS CHINO PANT-OMBRE,https://www.salian.com/men/clothes/pants/mens-chino-pant-ombre.html,https://www.salian.com/media/catalog/product/cache/4/thumbnail/9df78eab33525d08d6e5fb8d27136e95/p/r/product_image_62868_1620189513.jpg?tp=2091009724,https://www.salian.com/media/catalog/product/cache/4/thumbnail/9df78eab33525d08d6e5fb8d27136e95/p/r/product_image_62868_1620189522.jpg?tp=1595960912,[],[],[],[],[],[],12300000,9225000,[]
MENS DOUBLE CUFF PANT-QUICK,https://www.salian.com/men/clothes/pants/mens-double-cuff-pant-quick.html,https://www.salian.com/media/catalog/product/cache/4/thumbnail/9df78eab33525d08d6e5fb8d27136e95/p/r/product_image_62855_1620547939.jpg?tp=1797328263,https://www.salian.com/media/catalog/product/cache/4/thumbnail/9df78eab33525d08d6e5fb8d27136e95/p/r/product_image_62855_1620547943.jpg?tp=1413723843,[],[],[],[],[],[],12000000,9000000,[]
MENS CHINO PANT-KEYMOND-PS,https://www.salian.com/men/clothes/pants/mens-chino-pant-keymond-ps.html,https://www.salian.com/media/catalog/product/cache/4/thumbnail/9df78eab33525d08d6e5fb8d27136e95/p/r/product_image_62589_1620632146.jpg?tp=1854645413,https://www.salian.com/media/catalog/product/cache/4/thumbnail/9df78eab33525d08d6e5fb8d27136e95/p/r/product_image_62589_1620632147.jpg?tp=182184740,[],[],[],[],[],[],10600000,7950000,[]
MENS CHINO PANT-KAMOND-PS,https://www.salian.com/men/clothes/pants/mens-chino-pant-kamond-ps.html,https://www.salian.com/media/catalog/product/cache/4/thumbnail/9df78eab33525d08d6e5fb8d27136e95/p/r/product_image_62573_1620632212.jpg?tp=216368472,https://www.salian.com/media/catalog/product/cache/4/thumbnail/9df78eab33525d08d6e5fb8d27136e95/p/r/product_image_62573_1620632212_1.jpg?tp=1519934286,[],[],[],[],[],[],8400000,6300000,[]
MENS ELASTIC HEM SWEATPANT-RAN,https://www.salian.com/men/clothes/pants/mens-elastic-hem-sweatpant-ran.html,https://www.salian.com/media/catalog/product/cache/4/thumbnail/9df78eab33525d08d6e5fb8d27136e95/p/r/product_image_60955_1621508124.jpg?tp=1878365060,https://www.salian.com/media/catalog/product/cache/4/thumbnail/9df78eab33525d08d6e5fb8d27136e95/p/r/product_image_60955_1621508128.jpg?tp=1598314350,[],[],[],[],[],[],4650000,3487500,[]
MENS SLASH DENIM PANT-JECOR,https://www.salian.com/men/clothes/pants/mens-slash-denim-pant-jecor.html,https://www.salian.com/media/catalog/product/cache/4/thumbnail/9df78eab33525d08d6e5fb8d27136e95/p/r/product_image_60939_1620890261.jpg?tp=578019028,[],[],[],[],[],[],[],4980000,3735000,[]
MENS CHINO PANT-WYMER,https://www.salian.com/men/clothes/pants/mens-chino-pant-wymer.html,https://www.salian.com/media/catalog/product/cache/4/thumbnail/9df78eab33525d08d6e5fb8d27136e95/p/r/product_image_60891_1621139293.jpg?tp=1899196988,https://www.salian.com/media/catalog/product/cache/4/thumbnail/9df78eab33525d08d6e5fb8d27136e95/p/r/product_image_60891_1621139298.jpg?tp=381485152,[],[],[],[],[],[],9350000,7012500,[]
MENS CHINO PANT-OLIVA,https://www.salian.com/men/clothes/pants/mens-chino-pant-oliva.html,https://www.salian.com/media/catalog/product/cache/4/thumbnail/9df78eab33525d08d6e5fb8d27136e95/p/r/product_image_60860_1619443775.jpg?tp=1664017737,[],[],[],[],[],[],[],12800000,9600000,[]
MENS SWEAT PANT-DOXEY,https://www.salian.com/men/clothes/pants/mens-sweat-pant-doxey.html,https://www.salian.com/media/catalog/product/cache/4/thumbnail/9df78eab33525d08d6e5fb8d27136e95/p/r/product_image_60847_1621251429.jpg?tp=77362941,[],[],[],[],[],[],[],4950000,3712500,[]
MENS STRIPED PANT-MELFORD,https://www.salian.com/men/clothes/pants/mens-striped-pant-melford.html,https://www.salian.com/media/catalog/product/cache/4/thumbnail/9df78eab33525d08d6e5fb8d27136e95/p/r/product_image_60831_1621067237.jpg?tp=2102811147,https://www.salian.com/media/catalog/product/cache/4/thumbnail/9df78eab33525d08d6e5fb8d27136e95/p/r/product_image_60831_1621067247.jpg?tp=1321347397,[],[],[],[],[],[],2780000,2085000,[]
MENS DOUBLE CUFF PANT-WRIGHT,https://www.salian.com/men/clothes/pants/mens-double-cuff-pant-wright.html,https://www.salian.com/media/catalog/product/cache/4/thumbnail/9df78eab33525d08d6e5fb8d27136e95/p/r/product_image_60762_1621159397.jpg?tp=2137414305,[],[],[],[],[],[],[],9800000,7350000,[]
MENS SLIM DENIM PANT-ANSON-Z,https://www.salian.com/men/clothes/pants/mens-slim-denim-pant-anson-z.html,https://www.salian.com/media/catalog/product/cache/4/thumbnail/9df78eab33525d08d6e5fb8d27136e95/p/r/product_image_60743_1621139156.jpg?tp=293547946,[],[],[],[],[],[],[],4980000,3735000,[]
MENS NORMAL DENIM PANT-MILO,https://www.salian.com/men/clothes/pants/mens-normal-denim-pant-milo.html,https://www.salian.com/media/catalog/product/cache/4/thumbnail/9df78eab33525d08d6e5fb8d27136e95/p/r/product_image_60730_1621429807.jpg?tp=163255348,[],[],[],[],[],[],[],4980000,3735000,[]
MENS NORMAL DENIM PANT-MESI-Z,https://www.salian.com/men/clothes/pants/mens-normal-denim-pant-mesi-z.html,https://www.salian.com/media/catalog/product/cache/4/thumbnail/9df78eab33525d08d6e5fb8d27136e95/p/r/product_image_60705_1620922111.jpg?tp=175859068,https://www.salian.com/media/catalog/product/cache/4/thumbnail/9df78eab33525d08d6e5fb8d27136e95/p/r/product_image_60705_1620922117.jpg?tp=1886405760,[],[],[],[],[],[],4980000,3735000,[]
MENS REGULAR DENIM PANT-MESAN,https://www.salian.com/men/clothes/pants/mens-regular-denim-pant-mesan.html,https://www.salian.com/media/catalog/product/cache/4/thumbnail/9df78eab33525d08d6e5fb8d27136e95/p/r/product_image_60688_1619260492.jpg?tp=1064350138,[],[],[],[],[],[],[],4980000,3735000,[]
MENS CHINO PANT-KITO,https://www.salian.com/men/clothes/pants/mens-chino-pant-kito.html,https://www.salian.com/media/catalog/product/cache/4/thumbnail/9df78eab33525d08d6e5fb8d27136e95/p/r/product_image_60671_1620309167.jpg?tp=1456603840,[],[],[],[],[],[],[],9200000,6900000,[]
MENS CHINO PANT-PINDO,https://www.salian.com/men/clothes/pants/mens-chino-pant-pindo.html,https://www.salian.com/media/catalog/product/cache/4/thumbnail/9df78eab33525d08d6e5fb8d27136e95/p/r/product_image_60640_1620630550.jpg?tp=788868343,[],[],[],[],[],[],[],9200000,6900000,[]
MENS DOUBLE CUFF PANT-WYNTER,https://www.salian.com/men/clothes/pants/mens-double-cuff-pant-wynter.html,https://www.salian.com/media/catalog/product/cache/4/thumbnail/9df78eab33525d08d6e5fb8d27136e95/p/r/product_image_60615_1620308961.jpg?tp=1682671468,[],[],[],[],[],[],[],9200000,6900000,[]
MENS SWEAT PANT-DIESEL,https://www.salian.com/men/clothes/pants/mens-sweat-pant-diesel.html,https://www.salian.com/media/catalog/product/cache/4/thumbnail/9df78eab33525d08d6e5fb8d27136e95/p/r/product_image_60590_1621483849_1.jpg?tp=259570208,https://www.salian.com/media/catalog/product/cache/4/thumbnail/9df78eab33525d08d6e5fb8d27136e95/p/r/product_image_60590_1621483849.jpg?tp=488612447,[],[],[],[],[],[],4350000,3262500,[]
MENS CHINO PANT-OVERD,https://www.salian.com/men/clothes/pants/mens-chino-pant-overd.html,https://www.salian.com/media/catalog/product/cache/4/thumbnail/9df78eab33525d08d6e5fb8d27136e95/p/r/product_image_52417_1620628556.jpg?tp=793599870,[],[],[],[],[],[],[],7750000,5812500,[]
MENS CHINO PANT-TOM,https://www.salian.com/men/clothes/pants/mens-chino-pant-tom.html,https://www.salian.com/media/catalog/product/cache/4/thumbnail/9df78eab33525d08d6e5fb8d27136e95/p/r/product_image_52354_1620048462.jpg?tp=1247189061,[],[],[],[],[],[],[],7750000,5812500,[]
MENS CHINO PANT-TILON,https://www.salian.com/men/clothes/pants/mens-chino-pant-tilon.html,https://www.salian.com/media/catalog/product/cache/4/thumbnail/9df78eab33525d08d6e5fb8d27136e95/p/r/product_image_52323_1620628609.jpg?tp=1372440521,[],[],[],[],[],[],[],7750000,5812500,[]
MENS CHINO PANT-OXFORD,https://www.salian.com/men/clothes/pants/mens-chino-pant-oxford.html,https://www.salian.com/media/catalog/product/cache/4/thumbnail/9df78eab33525d08d6e5fb8d27136e95/p/r/product_image_52292_1619366235.jpg?tp=1498645791,https://www.salian.com/media/catalog/product/cache/4/thumbnail/9df78eab33525d08d6e5fb8d27136e95/p/r/product_image_52292_1619366243.jpg?tp=1565185495,[],[],[],[],[],[],10250000,7687500,[]
MENS CHINO PANT-ODION,https://www.salian.com/men/clothes/pants/mens-chino-pant-odion.html,https://www.salian.com/media/catalog/product/cache/4/thumbnail/9df78eab33525d08d6e5fb8d27136e95/p/r/product_image_52285_1619533052.jpg?tp=1962217942,[],[],[],[],[],[],[],9900000,7425000,[]
MENS CHINO PANT-RODO,https://www.salian.com/men/clothes/pants/mens-chino-pant-rodo.html,https://www.salian.com/media/catalog/product/cache/4/thumbnail/9df78eab33525d08d6e5fb8d27136e95/p/r/product_image_49679_1620016260.jpg?tp=1726322778,[],[],[],[],[],[],[],4750000,3562500,[]
MENS CHINO PANT-TRON,https://www.salian.com/men/clothes/pants/mens-chino-pant-tron.html,https://www.salian.com/media/catalog/product/cache/4/thumbnail/9df78eab33525d08d6e5fb8d27136e95/p/r/product_image_49654_1619532187.jpg?tp=1947792888,[],[],[],[],[],[],[],8750000,6562500,[]
MENS CHINO PANT-OTHELO,https://www.salian.com/men/clothes/pants/mens-chino-pant-othelo.html,https://www.salian.com/media/catalog/product/cache/4/thumbnail/9df78eab33525d08d6e5fb8d27136e95/p/r/product_image_49629_1619532117.jpg?tp=999458244,[],[],[],[],[],[],[],8500000,6375000,[]
MENS CHINO PANT-PARIK,https://www.salian.com/men/clothes/pants/mens-chino-pant-parik.html,https://www.salian.com/media/catalog/product/cache/4/thumbnail/9df78eab33525d08d6e5fb8d27136e95/p/r/product_image_49604_1621483428.jpg?tp=1115996501,[],[],[],[],[],[],[],4600000,3450000,[]
MENS CHINO PANT-KANEL,https://www.salian.com/men/clothes/pants/mens-chino-pant-kanel.html,https://www.salian.com/media/catalog/product/cache/4/thumbnail/9df78eab33525d08d6e5fb8d27136e95/p/r/product_image_49579_1620716971.jpg?tp=201329307,https://www.salian.com/media/catalog/product/cache/4/thumbnail/9df78eab33525d08d6e5fb8d27136e95/p/r/product_image_49579_1620716975.jpg?tp=988036160,[],[],[],[],[],[],5300000,3975000,[]
MENS CHINO PANT-MOWENT,https://www.salian.com/men/clothes/pants/mens-chino-pant-mowent.html,https://www.salian.com/media/catalog/product/cache/4/thumbnail/9df78eab33525d08d6e5fb8d27136e95/p/r/product_image_49565_1620842782.jpg?tp=1229911900,https://www.salian.com/media/catalog/product/cache/4/thumbnail/9df78eab33525d08d6e5fb8d27136e95/p/r/product_image_49565_1620842787.jpg?tp=820461296,[],[],[],[],[],[],4750000,3562500,[]
MENS CHINO PANT-TIMER,https://www.salian.com/men/clothes/pants/mens-chino-pant-timer.html,https://www.salian.com/media/catalog/product/cache/4/thumbnail/9df78eab33525d08d6e5fb8d27136e95/p/r/product_image_49546_1620627940.jpg?tp=1915989995,[],[],[],[],[],[],[],7750000,5812500,[]
MENS CHINO PANT-KAREL,https://www.salian.com/men/clothes/pants/mens-chino-pant-karel.html,https://www.salian.com/media/catalog/product/cache/4/thumbnail/9df78eab33525d08d6e5fb8d27136e95/p/r/product_image_49521_1620295515.jpg?tp=786299149,[],[],[],[],[],[],[],8200000,6150000,[]
MENS CHINO PANT-ODIN,https://www.salian.com/men/clothes/pants/mens-chino-pant-odin.html,https://www.salian.com/media/catalog/product/cache/4/thumbnail/9df78eab33525d08d6e5fb8d27136e95/p/r/product_image_43325_1620635397.jpg?tp=966127793,https://www.salian.com/media/catalog/product/cache/4/thumbnail/9df78eab33525d08d6e5fb8d27136e95/p/r/product_image_43325_1620635401.jpg?tp=576780029,[],[],[],[],[],[],4900000,2450000,[]
MENS CHINO PANT-ONTON,https://www.salian.com/men/clothes/pants/mens-chino-pant-onton.html,https://www.salian.com/media/catalog/product/cache/4/thumbnail/9df78eab33525d08d6e5fb8d27136e95/p/r/product_image_43306_1619632288.jpg?tp=1413014246,[],[],[],[],[],[],[],4750000,2375000,[]
MENS CHINO PANT-ORWAY,https://www.salian.com/men/clothes/pants/mens-chino-pant-orway.html,https://www.salian.com/media/catalog/product/cache/4/thumbnail/9df78eab33525d08d6e5fb8d27136e95/p/r/product_image_42470_1620211202.jpg?tp=1607236059,[],[],[],[],[],[],[],5750000,2300000,[]
MENS CHINO PANT-OSBURT,https://www.salian.com/men/clothes/pants/mens-chino-pant-osburt.html,https://www.salian.com/media/catalog/product/cache/4/thumbnail/9df78eab33525d08d6e5fb8d27136e95/p/r/product_image_42445_1618984698.jpg?tp=1192542746,[],[],[],[],[],[],[],5750000,2300000,[]
MENS CHINO PANT-TOMAK,https://www.salian.com/men/clothes/pants/mens-chino-pant-tomak.html,https://www.salian.com/media/catalog/product/cache/4/thumbnail/9df78eab33525d08d6e5fb8d27136e95/p/r/product_image_42403_1621138557.jpg?tp=1289942662,[],[],[],[],[],[],[],4850000,2425000,[]
MENS REGULAR DENIM PANT- ROLAN,https://www.salian.com/men/clothes/pants/mens-regular-denim-pant-rolan.html,https://www.salian.com/media/catalog/product/cache/4/thumbnail/9df78eab33525d08d6e5fb8d27136e95/p/r/product_image_41389_1609694389.jpg?tp=614968302,https://www.salian.com/media/catalog/product/cache/4/thumbnail/9df78eab33525d08d6e5fb8d27136e95/p/r/product_image_41389_1609694393.jpg?tp=1493350829,[],[],[],[],[],[],2950000,1180000,[]
CHINO SLIM PANT-SHELDON,https://www.salian.com/men/clothes/pants/chino-slim-pant-sheldon.html,https://www.salian.com/media/catalog/product/cache/4/thumbnail/9df78eab33525d08d6e5fb8d27136e95/p/r/product_image_32011_1618458863.jpg?tp=458442481,[],[],[],[],[],[],[],4450000,3337500,[]
