Name,Main Web Page,Main Image,Second Image,Third Image,Fourth Image,Fifth Image,Sixth Image,Seventh Image,Eighth Image,Price,Discounted Price,Collar
MENS POLO SHIRT-KNOLL,https://www.salian.com/men/clothes/t-shirt/mens-polo-shirt-knoll.html,https://www.salian.com/media/catalog/product/cache/4/thumbnail/9df78eab33525d08d6e5fb8d27136e95/p/r/product_image_66626_1621508457.jpg?tp=1353682064,[],[],[],[],[],[],[],4100000,3075000,[]
MENS PRINTED POLO SHIRT-LEAF,https://www.salian.com/men/clothes/t-shirt/mens-printed-polo-shirt-leaf.html,https://www.salian.com/media/catalog/product/cache/4/thumbnail/9df78eab33525d08d6e5fb8d27136e95/p/r/product_image_64915_1621430401.jpg?tp=808329283,[],[],[],[],[],[],[],4200000,3150000,[]
MENS POLO SHIRT-KERNIS,https://www.salian.com/men/clothes/t-shirt/mens-polo-shirt-kernis.html,https://www.salian.com/media/catalog/product/cache/4/thumbnail/9df78eab33525d08d6e5fb8d27136e95/p/r/product_image_64899_1621330889.jpg?tp=2051373959,https://www.salian.com/media/catalog/product/cache/4/thumbnail/9df78eab33525d08d6e5fb8d27136e95/p/r/product_image_64899_1621330893.jpg?tp=242676275,[],[],[],[],[],[],4150000,3112500,[]
MENS CREW NECK T-SHIRT-BURNEY,https://www.salian.com/men/clothes/t-shirt/mens-crew-neck-t-shirt-burney.html,https://www.salian.com/media/catalog/product/cache/4/thumbnail/9df78eab33525d08d6e5fb8d27136e95/p/r/product_image_64883_1620726202.jpg?tp=2052040059,https://www.salian.com/media/catalog/product/cache/4/thumbnail/9df78eab33525d08d6e5fb8d27136e95/p/r/product_image_64883_1620726207.jpg?tp=1896411601,[],[],[],[],[],[],3780000,2835000,[]
MENS PRINTED T-SHIRT-ROLL,https://www.salian.com/men/clothes/t-shirt/mens-printed-t-shirt-roll.html,https://www.salian.com/media/catalog/product/cache/4/thumbnail/9df78eab33525d08d6e5fb8d27136e95/p/r/product_image_64872_1621342649.jpg?tp=108631934,[],[],[],[],[],[],[],2750000,2062500,[]
MENS PRINTED T-SHIRT-FIG,https://www.salian.com/men/clothes/t-shirt/mens-printed-t-shirt-fig.html,https://www.salian.com/media/catalog/product/cache/4/thumbnail/9df78eab33525d08d6e5fb8d27136e95/p/r/product_image_64861_1621508262.jpg?tp=2004704218,https://www.salian.com/media/catalog/product/cache/4/thumbnail/9df78eab33525d08d6e5fb8d27136e95/p/r/product_image_64861_1621508265.jpg?tp=133168129,[],[],[],[],[],[],2980000,2235000,[]
MENS PRINTED T-SHIRT-CUBE,https://www.salian.com/men/clothes/t-shirt/mens-printed-t-shirt-cube.html,https://www.salian.com/media/catalog/product/cache/4/thumbnail/9df78eab33525d08d6e5fb8d27136e95/p/r/product_image_64855_1620051614.jpg?tp=693774957,https://www.salian.com/media/catalog/product/cache/4/thumbnail/9df78eab33525d08d6e5fb8d27136e95/p/r/product_image_64855_1620051617.jpg?tp=2045778820,[],[],[],[],[],[],2750000,2062500,[]
MENS PRINTED T-SHIRT-TEHRAN,https://www.salian.com/men/clothes/t-shirt/mens-printed-t-shirt-tehran.html,https://www.salian.com/media/catalog/product/cache/4/thumbnail/9df78eab33525d08d6e5fb8d27136e95/p/r/product_image_64830_1621141286.jpg?tp=857462530,https://www.salian.com/media/catalog/product/cache/4/thumbnail/9df78eab33525d08d6e5fb8d27136e95/p/r/product_image_64830_1621141292.jpg?tp=1267636797,[],[],[],[],[],[],2850000,2137500,[]
MENS PRINTED T-SHIRT-TYPE,https://www.salian.com/men/clothes/t-shirt/mens-printed-t-shirt-type.html,https://www.salian.com/media/catalog/product/cache/4/thumbnail/9df78eab33525d08d6e5fb8d27136e95/p/r/product_image_64824_1620277072.jpg?tp=962332612,https://www.salian.com/media/catalog/product/cache/4/thumbnail/9df78eab33525d08d6e5fb8d27136e95/p/r/product_image_64824_1620277077.jpg?tp=74205149,[],[],[],[],[],[],2850000,2137500,[]
MENS PRINTED T-SHIRT-ABSTRACT,https://www.salian.com/men/clothes/t-shirt/mens-printed-t-shirt-abstract.html,https://www.salian.com/media/catalog/product/cache/4/thumbnail/9df78eab33525d08d6e5fb8d27136e95/p/r/product_image_64818_1621256396.jpg?tp=434554314,https://www.salian.com/media/catalog/product/cache/4/thumbnail/9df78eab33525d08d6e5fb8d27136e95/p/r/product_image_64818_1621256399.jpg?tp=1783762311,[],[],[],[],[],[],2980000,2235000,[]
MENS CREW NECK T-SHIRT-BUCKY,https://www.salian.com/men/clothes/t-shirt/mens-crew-neck-t-shirt-bucky.html,https://www.salian.com/media/catalog/product/cache/4/thumbnail/9df78eab33525d08d6e5fb8d27136e95/p/r/product_image_64812_1621430760.jpg?tp=1898238428,[],[],[],[],[],[],[],3880000,2910000,[]
MENS PRINTED T-SHIRT-PANTONE,https://www.salian.com/men/clothes/t-shirt/mens-printed-t-shirt-pantone.html,https://www.salian.com/media/catalog/product/cache/4/thumbnail/9df78eab33525d08d6e5fb8d27136e95/p/r/product_image_64782_1621428352.jpg?tp=64929497,https://www.salian.com/media/catalog/product/cache/4/thumbnail/9df78eab33525d08d6e5fb8d27136e95/p/r/product_image_64782_1621428356.jpg?tp=892898455,[],[],[],[],[],[],2650000,1987500,[]
MENS POLO SHIRT-KODIAK,https://www.salian.com/men/clothes/t-shirt/mens-polo-shirt-kodiak.html,https://www.salian.com/media/catalog/product/cache/4/thumbnail/9df78eab33525d08d6e5fb8d27136e95/p/r/product_image_64387_1621430364.jpg?tp=1535245578,https://www.salian.com/media/catalog/product/cache/4/thumbnail/9df78eab33525d08d6e5fb8d27136e95/p/r/product_image_64387_1621430367.jpg?tp=1107215072,[],[],[],[],[],[],4280000,3210000,[]
MENS CREW NECK T-SHIRT-BECHER,https://www.salian.com/men/clothes/t-shirt/mens-crew-neck-t-shirt-becher.html,https://www.salian.com/media/catalog/product/cache/4/thumbnail/9df78eab33525d08d6e5fb8d27136e95/p/r/product_image_64376_1621508211.jpg?tp=1401009234,https://www.salian.com/media/catalog/product/cache/4/thumbnail/9df78eab33525d08d6e5fb8d27136e95/p/r/product_image_64376_1621508215.jpg?tp=207538500,[],[],[],[],[],[],2980000,2235000,[]
MENS PRINTED T-SHIRT-LANDROVER,https://www.salian.com/men/clothes/t-shirt/mens-printed-t-shirt-landrover.html,https://www.salian.com/media/catalog/product/cache/4/thumbnail/9df78eab33525d08d6e5fb8d27136e95/p/r/product_image_64257_1621431070.jpg?tp=464904269,https://www.salian.com/media/catalog/product/cache/4/thumbnail/9df78eab33525d08d6e5fb8d27136e95/p/r/product_image_64257_1621431073.jpg?tp=157841557,[],[],[],[],[],[],2850000,2137500,[]
MENS PRINTED T-SHIRT-PACKMAN,https://www.salian.com/men/clothes/t-shirt/mens-printed-t-shirt-packman.html,https://www.salian.com/media/catalog/product/cache/4/thumbnail/9df78eab33525d08d6e5fb8d27136e95/p/r/product_image_64251_1620548054.jpg?tp=410053424,https://www.salian.com/media/catalog/product/cache/4/thumbnail/9df78eab33525d08d6e5fb8d27136e95/p/r/product_image_64251_1620548058.jpg?tp=1940505772,[],[],[],[],[],[],2750000,2062500,[]
MENS PRINTED T-SHIRT-BRIGHT,https://www.salian.com/men/clothes/t-shirt/mens-printed-t-shirt-bright.html,https://www.salian.com/media/catalog/product/cache/4/thumbnail/9df78eab33525d08d6e5fb8d27136e95/p/r/product_image_64245_1619514884.jpg?tp=772490331,https://www.salian.com/media/catalog/product/cache/4/thumbnail/9df78eab33525d08d6e5fb8d27136e95/p/r/product_image_64245_1619514888.jpg?tp=1665418888,[],[],[],[],[],[],2980000,2235000,[]
MENS PRINTED T-SHIRT-SALIAN,https://www.salian.com/men/clothes/t-shirt/mens-printed-t-shirt-salian.html,https://www.salian.com/media/catalog/product/cache/4/thumbnail/9df78eab33525d08d6e5fb8d27136e95/p/r/product_image_64239_1621068375.jpg?tp=1903638333,https://www.salian.com/media/catalog/product/cache/4/thumbnail/9df78eab33525d08d6e5fb8d27136e95/p/r/product_image_64239_1621068381.jpg?tp=1083268740,[],[],[],[],[],[],2750000,2062500,[]
MENS PRINTED T-SHIRT-SQUARE,https://www.salian.com/men/clothes/t-shirt/mens-printed-t-shirt-square.html,https://www.salian.com/media/catalog/product/cache/4/thumbnail/9df78eab33525d08d6e5fb8d27136e95/p/r/product_image_64228_1621230803.jpg?tp=1477065127,https://www.salian.com/media/catalog/product/cache/4/thumbnail/9df78eab33525d08d6e5fb8d27136e95/p/r/product_image_64228_1621230809.jpg?tp=286002186,[],[],[],[],[],[],2750000,2062500,[]
MENS PRINTED T-SHIRT-GEO,https://www.salian.com/men/clothes/t-shirt/mens-printed-t-shirt-geo.html,https://www.salian.com/media/catalog/product/cache/4/thumbnail/9df78eab33525d08d6e5fb8d27136e95/p/r/product_image_64222_1620469259.jpg?tp=518417610,https://www.salian.com/media/catalog/product/cache/4/thumbnail/9df78eab33525d08d6e5fb8d27136e95/p/r/product_image_64222_1620469263.jpg?tp=1724814020,[],[],[],[],[],[],2650000,1987500,[]
MENS PRINTED T-SHIRT-TREE,https://www.salian.com/men/clothes/t-shirt/mens-printed-t-shirt-tree.html,https://www.salian.com/media/catalog/product/cache/4/thumbnail/9df78eab33525d08d6e5fb8d27136e95/p/r/product_image_64216_1620190549.jpg?tp=643001339,https://www.salian.com/media/catalog/product/cache/4/thumbnail/9df78eab33525d08d6e5fb8d27136e95/p/r/product_image_64216_1620190557.jpg?tp=996212559,[],[],[],[],[],[],2950000,2212500,[]
MENS PRINTED T-SHIRT-VISUAL,https://www.salian.com/men/clothes/t-shirt/mens-printed-t-shirt-visual.html,https://www.salian.com/media/catalog/product/cache/4/thumbnail/9df78eab33525d08d6e5fb8d27136e95/p/r/product_image_64199_1621075346.jpg?tp=216877451,https://www.salian.com/media/catalog/product/cache/4/thumbnail/9df78eab33525d08d6e5fb8d27136e95/p/r/product_image_64199_1621075352.jpg?tp=1625303068,[],[],[],[],[],[],2850000,2137500,[]
MENS PRINTED T-SHIRT-SALIAN-4,https://www.salian.com/men/clothes/t-shirt/mens-printed-t-shirt-salian-4.html,https://www.salian.com/media/catalog/product/cache/4/thumbnail/9df78eab33525d08d6e5fb8d27136e95/p/r/product_image_64142_1621068978.jpg?tp=1887924657,https://www.salian.com/media/catalog/product/cache/4/thumbnail/9df78eab33525d08d6e5fb8d27136e95/p/r/product_image_64142_1621068983.jpg?tp=1539283135,[],[],[],[],[],[],2750000,2062500,[]
MENS PRINTED T-SHIRT-DAMAVAND,https://www.salian.com/men/clothes/t-shirt/mens-printed-t-shirt-damavand.html,https://www.salian.com/media/catalog/product/cache/4/thumbnail/9df78eab33525d08d6e5fb8d27136e95/p/r/product_image_64136_1621431003.jpg?tp=70319941,https://www.salian.com/media/catalog/product/cache/4/thumbnail/9df78eab33525d08d6e5fb8d27136e95/p/r/product_image_64136_1621431005.jpg?tp=1498690919,[],[],[],[],[],[],2780000,2085000,[]
MENS CREW NECK T-SHIRT-BERNIE,https://www.salian.com/men/clothes/t-shirt/mens-crew-neck-t-shirt-bernie.html,https://www.salian.com/media/catalog/product/cache/4/thumbnail/9df78eab33525d08d6e5fb8d27136e95/p/r/product_image_64130_1621499086.jpg?tp=1718110992,https://www.salian.com/media/catalog/product/cache/4/thumbnail/9df78eab33525d08d6e5fb8d27136e95/p/r/product_image_64130_1621499089.jpg?tp=1402770825,[],[],[],[],[],[],2650000,1987500,[]
MENS PRINTED T-SHIRT-CYCLE,https://www.salian.com/men/clothes/t-shirt/mens-printed-t-shirt-cycle.html,https://www.salian.com/media/catalog/product/cache/4/thumbnail/9df78eab33525d08d6e5fb8d27136e95/p/r/product_image_64063_1621256211.jpg?tp=126091313,https://www.salian.com/media/catalog/product/cache/4/thumbnail/9df78eab33525d08d6e5fb8d27136e95/p/r/product_image_64063_1621256215.jpg?tp=1659968788,[],[],[],[],[],[],2750000,2062500,[]
MENS STRIPED POLO SHIRT-KOLBY,https://www.salian.com/men/clothes/t-shirt/mens-striped-polo-shirt-kolby.html,https://www.salian.com/media/catalog/product/cache/4/thumbnail/9df78eab33525d08d6e5fb8d27136e95/p/r/product_image_63736_1621498890.jpg?tp=1140288495,[],[],[],[],[],[],[],4280000,3210000,[]
MENS PRINTED POLO SHIRT-KENAN,https://www.salian.com/men/clothes/t-shirt/mens-printed-polo-shirt-kenan.html,https://www.salian.com/media/catalog/product/cache/4/thumbnail/9df78eab33525d08d6e5fb8d27136e95/p/r/product_image_63644_1621431406.jpg?tp=66129291,[],[],[],[],[],[],[],4280000,3210000,[]
MENS POLO SHIRT-KELBY,https://www.salian.com/men/clothes/t-shirt/mens-polo-shirt-kelby.html,https://www.salian.com/media/catalog/product/cache/4/thumbnail/9df78eab33525d08d6e5fb8d27136e95/p/r/product_image_63458_1621440830.jpg?tp=2108717892,https://www.salian.com/media/catalog/product/cache/4/thumbnail/9df78eab33525d08d6e5fb8d27136e95/p/r/product_image_63458_1621440834.jpg?tp=1875211331,[],[],[],[],[],[],4500000,3375000,[]
MENS PIQUE T-SHIRT-KEVANDO,https://www.salian.com/men/clothes/t-shirt/mens-pique-t-shirt-kevando.html,https://www.salian.com/media/catalog/product/cache/4/thumbnail/9df78eab33525d08d6e5fb8d27136e95/p/r/product_image_63393_1621505542.jpg?tp=1927660824,[],[],[],[],[],[],[],3950000,2962500,[]
MENS POLO SHIRT-FREDDIS,https://www.salian.com/men/clothes/t-shirt/mens-polo-shirt-freddis.html,https://www.salian.com/media/catalog/product/cache/4/thumbnail/9df78eab33525d08d6e5fb8d27136e95/p/r/product_image_63319_1621484170.jpg?tp=59493026,[],[],[],[],[],[],[],4980000,3735000,[]
PRINTED T-SHIRT-SOLUTION,https://www.salian.com/men/clothes/t-shirt/printed-t-shirt-solution.html,https://www.salian.com/media/catalog/product/cache/4/thumbnail/9df78eab33525d08d6e5fb8d27136e95/p/r/product_image_63209_1619723372.jpg?tp=1069963018,[],[],[],[],[],[],[],1750000,875000,[]
MENS CREW NECK T-SHIRT-BLANDON,https://www.salian.com/men/clothes/t-shirt/mens-crew-neck-t-shirt-blandon.html,https://www.salian.com/media/catalog/product/cache/4/thumbnail/9df78eab33525d08d6e5fb8d27136e95/p/r/product_image_62202_1621440886.jpg?tp=45722760,[],[],[],[],[],[],[],4200000,3150000,[]
MENS PRINTED T-SHIRT-BINDEN,https://www.salian.com/men/clothes/t-shirt/mens-printed-t-shirt-binden.html,https://www.salian.com/media/catalog/product/cache/4/thumbnail/9df78eab33525d08d6e5fb8d27136e95/p/r/product_image_62029_1616942755.jpg?tp=1421143942,https://www.salian.com/media/catalog/product/cache/4/thumbnail/9df78eab33525d08d6e5fb8d27136e95/p/r/product_image_62029_1616942759.jpg?tp=1648961000,[],[],[],[],[],[],3980000,2985000,[]
MENS  PRINTED T-SHIRT-SALIAN-1,https://www.salian.com/men/clothes/t-shirt/mens-printed-t-shirt-salian-1.html,https://www.salian.com/media/catalog/product/cache/4/thumbnail/9df78eab33525d08d6e5fb8d27136e95/p/r/product_image_62006_1621165912.jpg?tp=596023553,https://www.salian.com/media/catalog/product/cache/4/thumbnail/9df78eab33525d08d6e5fb8d27136e95/p/r/product_image_62006_1621165917.jpg?tp=1926097066,[],[],[],[],[],[],3900000,2925000,[]
MENS CREW NECK T-SHIRT-BLADE,https://www.salian.com/men/clothes/t-shirt/mens-crew-neck-t-shirt-blade.html,https://www.salian.com/media/catalog/product/cache/4/thumbnail/9df78eab33525d08d6e5fb8d27136e95/p/r/product_image_61936_1620631956.jpg?tp=2034690695,https://www.salian.com/media/catalog/product/cache/4/thumbnail/9df78eab33525d08d6e5fb8d27136e95/p/r/product_image_61936_1620631961.jpg?tp=317903720,https://www.salian.com/media/catalog/product/cache/4/thumbnail/9df78eab33525d08d6e5fb8d27136e95/p/r/product_image_61936_1620631961_1.jpg?tp=1640480329,https://www.salian.com/media/catalog/product/cache/4/thumbnail/9df78eab33525d08d6e5fb8d27136e95/p/r/product_image_61936_1620631967.jpg?tp=1312051899,[],[],[],[],4200000,3150000,[]
MENS PRINTED T-SHIRT-PALSE,https://www.salian.com/men/clothes/t-shirt/mens-printed-t-shirt-palse.html,https://www.salian.com/media/catalog/product/cache/4/thumbnail/9df78eab33525d08d6e5fb8d27136e95/p/r/product_image_60168_1616148138.jpg?tp=935343307,https://www.salian.com/media/catalog/product/cache/4/thumbnail/9df78eab33525d08d6e5fb8d27136e95/p/r/product_image_60168_1616148142.jpg?tp=764482135,[],[],[],[],[],[],3900000,2925000,[]
MENS  PRINTED T-SHIRT-SALIAN-2,https://www.salian.com/men/clothes/t-shirt/mens-printed-t-shirt-salian-2.html,https://www.salian.com/media/catalog/product/cache/4/thumbnail/9df78eab33525d08d6e5fb8d27136e95/p/r/product_image_60162_1620995239.jpg?tp=1734555596,https://www.salian.com/media/catalog/product/cache/4/thumbnail/9df78eab33525d08d6e5fb8d27136e95/p/r/product_image_60162_1620995245.jpg?tp=73123539,[],[],[],[],[],[],3900000,2925000,[]
MENS POLO SHIRT-HABER,https://www.salian.com/men/clothes/t-shirt/mens-polo-shirt-haber.html,https://www.salian.com/media/catalog/product/cache/4/thumbnail/9df78eab33525d08d6e5fb8d27136e95/p/r/product_image_60022_1620478630.jpg?tp=1022542377,[],[],[],[],[],[],[],3500000,2625000,[]
MENS SHAWEL COLLAR T-SHIRT-BON,https://www.salian.com/men/clothes/t-shirt/mens-shawel-collar-t-shirt-bon.html,https://www.salian.com/media/catalog/product/cache/4/thumbnail/9df78eab33525d08d6e5fb8d27136e95/p/r/product_image_59823_1620630182.jpg?tp=1370874676,[],[],[],[],[],[],[],5880000,4410000,[]
MENS POLO SHIRT-AUDONIK,https://www.salian.com/men/clothes/t-shirt/mens-polo-shirt-audonik.html,https://www.salian.com/media/catalog/product/cache/4/thumbnail/9df78eab33525d08d6e5fb8d27136e95/p/r/product_image_59590_1619605762.jpg?tp=759290082,[],[],[],[],[],[],[],4350000,3262500,[]
MENS REGLAN  T-SHIRT-BILLY,https://www.salian.com/men/clothes/t-shirt/mens-reglan-t-shirt-billy.html,https://www.salian.com/media/catalog/product/cache/4/thumbnail/9df78eab33525d08d6e5fb8d27136e95/p/r/product_image_59321_1620629911.jpg?tp=1166282820,[],[],[],[],[],[],[],4480000,3360000,[]
MENS CREW NECK T-SHIRT-BLAINE,https://www.salian.com/men/clothes/t-shirt/mens-crew-neck-t-shirt-blaine.html,https://www.salian.com/media/catalog/product/cache/4/thumbnail/9df78eab33525d08d6e5fb8d27136e95/p/r/product_image_59299_1620629421.jpg?tp=11282994,[],[],[],[],[],[],[],3750000,2812500,[]
MENS CREW NECK T-SHIRT-NOAH,https://www.salian.com/men/clothes/t-shirt/mens-crew-neck-t-shirt-noah.html,https://www.salian.com/media/catalog/product/cache/4/thumbnail/9df78eab33525d08d6e5fb8d27136e95/p/r/product_image_59272_1620405409.jpg?tp=81603911,[],[],[],[],[],[],[],4200000,3150000,[]
MENS POLO SHIRT-BELINDO,https://www.salian.com/men/clothes/t-shirt/mens-polo-shirt-belindo.html,https://www.salian.com/media/catalog/product/cache/4/thumbnail/9df78eab33525d08d6e5fb8d27136e95/p/r/product_image_59186_1619442260.jpg?tp=2119819750,[],[],[],[],[],[],[],4680000,3510000,[]
MENS POLO SHIRT-KANYO,https://www.salian.com/men/clothes/t-shirt/mens-polo-shirt-kanyo.html,https://www.salian.com/media/catalog/product/cache/4/thumbnail/9df78eab33525d08d6e5fb8d27136e95/p/r/product_image_59175_1621507555.jpg?tp=857213230,[],[],[],[],[],[],[],4580000,3435000,[]
MENS STAND COLLAR T-SHIRT-DAVI,https://www.salian.com/men/clothes/t-shirt/mens-stand-collar-t-shirt-davi.html,https://www.salian.com/media/catalog/product/cache/4/thumbnail/9df78eab33525d08d6e5fb8d27136e95/p/r/product_image_58938_1621483693.jpg?tp=230751332,https://www.salian.com/media/catalog/product/cache/4/thumbnail/9df78eab33525d08d6e5fb8d27136e95/p/r/product_image_58938_1621483694.jpg?tp=424210265,[],[],[],[],[],[],4500000,3375000,[]
MENS CREW NECK T-SHIRT-DANYO,https://www.salian.com/men/clothes/t-shirt/mens-crew-neck-t-shirt-danyo.html,https://www.salian.com/media/catalog/product/cache/4/thumbnail/9df78eab33525d08d6e5fb8d27136e95/p/r/product_image_58459_1619949661.jpg?tp=987088703,[],[],[],[],[],[],[],3950000,2962500,[]
MENS STRIPED POLO SHIRT-MACH,https://www.salian.com/men/clothes/t-shirt/mens-striped-polo-shirt-mach.html,https://www.salian.com/media/catalog/product/cache/4/thumbnail/9df78eab33525d08d6e5fb8d27136e95/p/r/product_image_58245_1620629325.jpg?tp=999936599,https://www.salian.com/media/catalog/product/cache/4/thumbnail/9df78eab33525d08d6e5fb8d27136e95/p/r/product_image_58245_1620629330.jpg?tp=276433372,[],[],[],[],[],[],3800000,2850000,[]
MENS  CREW NECK T-SHIRT-LEO,https://www.salian.com/men/clothes/t-shirt/mens-crew-neck-t-shirt-leo.html,https://www.salian.com/media/catalog/product/cache/4/thumbnail/9df78eab33525d08d6e5fb8d27136e95/p/r/product_image_58234_1620629231.jpg?tp=24004270,[],[],[],[],[],[],[],4450000,3337500,[]
MENS SHORT SLEEVE T-SHIRT-BIG,https://www.salian.com/men/clothes/t-shirt/mens-short-sleeve-t-shirt-big.html,https://www.salian.com/media/catalog/product/cache/4/thumbnail/9df78eab33525d08d6e5fb8d27136e95/p/r/product_image_58218_1621229421.jpg?tp=1347864926,[],[],[],[],[],[],[],1980000,1485000,[]
MENS PRINTED T-SHIRT-LEAVE,https://www.salian.com/men/clothes/t-shirt/mens-printed-t-shirt-leave.html,https://www.salian.com/media/catalog/product/cache/4/thumbnail/9df78eab33525d08d6e5fb8d27136e95/p/r/product_image_58187_1620380754.jpg?tp=1340395512,https://www.salian.com/media/catalog/product/cache/4/thumbnail/9df78eab33525d08d6e5fb8d27136e95/p/r/product_image_58187_1620380763.jpg?tp=1094561662,[],[],[],[],[],[],2380000,1785000,[]
MENS PRINTED T-SHIRT-FAME,https://www.salian.com/men/clothes/t-shirt/mens-printed-t-shirt-fame.html,https://www.salian.com/media/catalog/product/cache/4/thumbnail/9df78eab33525d08d6e5fb8d27136e95/p/r/product_image_51636_1620822034.jpg?tp=1254115697,[],[],[],[],[],[],[],1950000,1462500,[]
MENS CREW NECK T-SHIRT-KLEEF,https://www.salian.com/men/clothes/t-shirt/mens-crew-neck-t-shirt-kleef.html,https://www.salian.com/media/catalog/product/cache/4/thumbnail/9df78eab33525d08d6e5fb8d27136e95/p/r/product_image_49798_1621339030.jpg?tp=2000229195,https://www.salian.com/media/catalog/product/cache/4/thumbnail/9df78eab33525d08d6e5fb8d27136e95/p/r/product_image_49798_1621339031.jpg?tp=1920290083,[],[],[],[],[],[],1800000,1350000,[]
MENS PRINTED T-SHIRT-BOAT,https://www.salian.com/men/clothes/t-shirt/mens-printed-t-shirt-boat.html,https://www.salian.com/media/catalog/product/cache/4/thumbnail/9df78eab33525d08d6e5fb8d27136e95/p/r/product_image_48862_1621508038.jpg?tp=1668113149,[],[],[],[],[],[],[],1750000,1312500,[]
MENS PRINTED T-SHIRT-BREATH,https://www.salian.com/men/clothes/t-shirt/mens-printed-t-shirt-breath.html,https://www.salian.com/media/catalog/product/cache/4/thumbnail/9df78eab33525d08d6e5fb8d27136e95/p/r/product_image_48841_1620401314.jpg?tp=1260258315,https://www.salian.com/media/catalog/product/cache/4/thumbnail/9df78eab33525d08d6e5fb8d27136e95/p/r/product_image_48841_1620401320.jpg?tp=952226668,[],[],[],[],[],[],1680000,1260000,[]
MENS PRINTED T-SHIRT-DREAM,https://www.salian.com/men/clothes/t-shirt/mens-printed-t-shirt-dream.html,https://www.salian.com/media/catalog/product/cache/4/thumbnail/9df78eab33525d08d6e5fb8d27136e95/p/r/product_image_48825_1620725929.jpg?tp=873429264,https://www.salian.com/media/catalog/product/cache/4/thumbnail/9df78eab33525d08d6e5fb8d27136e95/p/r/product_image_48825_1620725934.jpg?tp=1290393137,[],[],[],[],[],[],1880000,1410000,[]
MENS PRINTED T-SHIRT-NATURE,https://www.salian.com/men/clothes/t-shirt/mens-printed-t-shirt-nature.html,https://www.salian.com/media/catalog/product/cache/4/thumbnail/9df78eab33525d08d6e5fb8d27136e95/p/r/product_image_48809_1621140043.jpg?tp=1672698646,[],[],[],[],[],[],[],1850000,1387500,[]
MENS POLO SHIRT-ANCHOR,https://www.salian.com/men/clothes/t-shirt/mens-polo-shirt-anchor.html,https://www.salian.com/media/catalog/product/cache/4/thumbnail/9df78eab33525d08d6e5fb8d27136e95/p/r/product_image_48761_1621507512.jpg?tp=565280742,https://www.salian.com/media/catalog/product/cache/4/thumbnail/9df78eab33525d08d6e5fb8d27136e95/p/r/product_image_48761_1621507516.jpg?tp=134297728,[],[],[],[],[],[],2350000,1762500,[]
MENS CREW NECK T-SHIRT-BOND,https://www.salian.com/men/clothes/t-shirt/mens-crew-neck-t-shirt-bond.html,https://www.salian.com/media/catalog/product/cache/4/thumbnail/9df78eab33525d08d6e5fb8d27136e95/p/r/product_image_48727_1621339601.jpg?tp=1065306149,[],[],[],[],[],[],[],1550000,1162500,[]
MENS PRINTED T-SHIRT-BEVIL,https://www.salian.com/men/clothes/t-shirt/mens-printed-t-shirt-bevil.html,https://www.salian.com/media/catalog/product/cache/4/thumbnail/9df78eab33525d08d6e5fb8d27136e95/p/r/product_image_48374_1620725842.jpg?tp=706796290,[],[],[],[],[],[],[],1750000,1312500,[]
MENS CREW NECK T-SHIRT-BARTON,https://www.salian.com/men/clothes/t-shirt/mens-crew-neck-t-shirt-barton.html,https://www.salian.com/media/catalog/product/cache/4/thumbnail/9df78eab33525d08d6e5fb8d27136e95/p/r/product_image_48342_1621165195.jpg?tp=1215830746,[],[],[],[],[],[],[],1850000,1387500,[]
MENS PRINTED POLO SHIRT-JET,https://www.salian.com/men/clothes/t-shirt/mens-printed-polo-shirt-jet.html,https://www.salian.com/media/catalog/product/cache/4/thumbnail/9df78eab33525d08d6e5fb8d27136e95/p/r/product_image_48326_1620405156.jpg?tp=1123001038,[],[],[],[],[],[],[],2250000,1687500,[]
MENS LONG T-SHIRT-GROOVE,https://www.salian.com/men/clothes/t-shirt/mens-long-t-shirt-groove.html,https://www.salian.com/media/catalog/product/cache/4/thumbnail/9df78eab33525d08d6e5fb8d27136e95/p/r/product_image_48299_1620725789.jpg?tp=492692396,https://www.salian.com/media/catalog/product/cache/4/thumbnail/9df78eab33525d08d6e5fb8d27136e95/p/r/product_image_48299_1620725794.jpg?tp=679842508,[],[],[],[],[],[],1950000,1462500,[]
MENS PRINTED T-SHIRT-TRY,https://www.salian.com/men/clothes/t-shirt/mens-printed-t-shirt-try.html,https://www.salian.com/media/catalog/product/cache/4/thumbnail/9df78eab33525d08d6e5fb8d27136e95/p/r/product_image_48278_1620554169.jpg?tp=1333072575,https://www.salian.com/media/catalog/product/cache/4/thumbnail/9df78eab33525d08d6e5fb8d27136e95/p/r/product_image_48278_1620554169_1.jpg?tp=567929733,https://www.salian.com/media/catalog/product/cache/4/thumbnail/9df78eab33525d08d6e5fb8d27136e95/p/r/product_image_48278_1620554176.jpg?tp=68320566,https://www.salian.com/media/catalog/product/cache/4/thumbnail/9df78eab33525d08d6e5fb8d27136e95/p/r/product_image_48278_1620554176_1.jpg?tp=511228087,[],[],[],[],1950000,1462500,[]
MENS T-SHIRT-KERMANSHAH,https://www.salian.com/men/clothes/t-shirt/mens-t-shirt-kermanshah.html,https://www.salian.com/media/catalog/product/cache/4/thumbnail/9df78eab33525d08d6e5fb8d27136e95/p/r/product_image_48212_1619722252.jpg?tp=272682046,[],[],[],[],[],[],[],1780000,1335000,[]
MENS POLO SHIRT-SHARKS,https://www.salian.com/men/clothes/t-shirt/mens-polo-shirt-sharks.html,https://www.salian.com/media/catalog/product/cache/4/thumbnail/9df78eab33525d08d6e5fb8d27136e95/p/r/product_image_48189_1620725726.jpg?tp=1881257040,[],[],[],[],[],[],[],2180000,1635000,[]
MENS POLO SHIRT-KADMIL,https://www.salian.com/men/clothes/t-shirt/mens-polo-shirt-kadmil.html,https://www.salian.com/media/catalog/product/cache/4/thumbnail/9df78eab33525d08d6e5fb8d27136e95/p/r/product_image_48173_1621166545.jpg?tp=731590499,[],[],[],[],[],[],[],2150000,1612500,[]
MENS PIQUE T-SHIRT-KATROS,https://www.salian.com/men/clothes/t-shirt/mens-pique-t-shirt-katros.html,https://www.salian.com/media/catalog/product/cache/4/thumbnail/9df78eab33525d08d6e5fb8d27136e95/p/r/product_image_48157_1621483370.jpg?tp=100019143,https://www.salian.com/media/catalog/product/cache/4/thumbnail/9df78eab33525d08d6e5fb8d27136e95/p/r/product_image_48157_1621483374.jpg?tp=729074454,[],[],[],[],[],[],2050000,1537500,[]
MENS PIQUE POLO SHIRT-KAMON,https://www.salian.com/men/clothes/t-shirt/mens-pique-polo-shirt-kamon.html,https://www.salian.com/media/catalog/product/cache/4/thumbnail/9df78eab33525d08d6e5fb8d27136e95/p/r/product_image_48072_1620710542.jpg?tp=755614022,[],[],[],[],[],[],[],2250000,1125000,[]
MENS CREW NECK T-SHIRT-BENGO,https://www.salian.com/men/clothes/t-shirt/mens-crew-neck-t-shirt-bengo.html,https://www.salian.com/media/catalog/product/cache/4/thumbnail/9df78eab33525d08d6e5fb8d27136e95/p/r/product_image_48035_1621310960.jpg?tp=1972483706,https://www.salian.com/media/catalog/product/cache/4/thumbnail/9df78eab33525d08d6e5fb8d27136e95/p/r/product_image_48035_1621310960_1.jpg?tp=545670670,https://www.salian.com/media/catalog/product/cache/4/thumbnail/9df78eab33525d08d6e5fb8d27136e95/p/r/product_image_48035_1621310968.jpg?tp=1867237885,https://www.salian.com/media/catalog/product/cache/4/thumbnail/9df78eab33525d08d6e5fb8d27136e95/p/r/product_image_48035_1621310968_1.jpg?tp=934439137,[],[],[],[],1980000,1485000,[]
MENS STAND COLLAR T-SHIRT-HARB,https://www.salian.com/men/clothes/t-shirt/mens-stand-collar-t-shirt-harb.html,https://www.salian.com/media/catalog/product/cache/4/thumbnail/9df78eab33525d08d6e5fb8d27136e95/p/r/product_image_44535_1620625547.jpg?tp=405687144,[],[],[],[],[],[],[],3950000,2765000,[]
MENS CREW NECK T-SHIRT-CORIN,https://www.salian.com/men/clothes/t-shirt/mens-crew-neck-t-shirt-corin.html,https://www.salian.com/media/catalog/product/cache/4/thumbnail/9df78eab33525d08d6e5fb8d27136e95/p/r/product_image_44415_1621425868.jpg?tp=468212830,[],[],[],[],[],[],[],2950000,2065000,[]
MENS CREW NECK T-SHIRT-LORDSON,https://www.salian.com/men/clothes/t-shirt/mens-crew-neck-t-shirt-lordson.html,https://www.salian.com/media/catalog/product/cache/4/thumbnail/9df78eab33525d08d6e5fb8d27136e95/p/r/product_image_43540_1621425801.jpg?tp=1928079533,[],[],[],[],[],[],[],2950000,2065000,[]
STAND COLLAR T-SHIRT-JARRED,https://www.salian.com/men/clothes/t-shirt/stand-collar-t-shirt-jarred.html,https://www.salian.com/media/catalog/product/cache/4/thumbnail/9df78eab33525d08d6e5fb8d27136e95/p/r/product_image_43458_1620964563.jpg?tp=586086546,[],[],[],[],[],[],[],2850000,1995000,[]
MENS SHAWL COLLAR T-SHIRT-BARN,https://www.salian.com/men/clothes/t-shirt/mens-shawl-collar-t-shirt-barn.html,https://www.salian.com/media/catalog/product/cache/4/thumbnail/9df78eab33525d08d6e5fb8d27136e95/p/r/product_image_43102_1620447453.jpg?tp=947927756,https://www.salian.com/media/catalog/product/cache/4/thumbnail/9df78eab33525d08d6e5fb8d27136e95/p/r/product_image_43102_1620447460.jpg?tp=1422575006,[],[],[],[],[],[],3750000,2625000,[]
POLO SHIRT-SEED,https://www.salian.com/men/clothes/t-shirt/polo-shirt-seed.html,https://www.salian.com/media/catalog/product/cache/4/thumbnail/9df78eab33525d08d6e5fb8d27136e95/p/r/product_image_42970_1620641922.jpg?tp=1824368603,https://www.salian.com/media/catalog/product/cache/4/thumbnail/9df78eab33525d08d6e5fb8d27136e95/p/r/product_image_42970_1620641922_1.jpg?tp=937911728,[],[],[],[],[],[],2850000,1425000,[]
SHORT SLEEVE T-SHIRT-LAURENT,https://www.salian.com/men/clothes/t-shirt/short-sleeve-t-shirt-laurent.html,https://www.salian.com/media/catalog/product/cache/4/thumbnail/9df78eab33525d08d6e5fb8d27136e95/p/r/product_image_42746_1620377568.jpg?tp=198055166,[],[],[],[],[],[],[],1350000,945000,[]
MENS CREW NECK T-SHIRT-DAVIN,https://www.salian.com/men/clothes/t-shirt/mens-crew-neck-t-shirt-davin.html,https://www.salian.com/media/catalog/product/cache/4/thumbnail/9df78eab33525d08d6e5fb8d27136e95/p/r/product_image_42729_1621350979.jpg?tp=496321919,[],[],[],[],[],[],[],2850000,2137500,[]
MENS POLO SHIRT-FOLLIS,https://www.salian.com/men/clothes/t-shirt/mens-polo-shirt-follis.html,https://www.salian.com/media/catalog/product/cache/4/thumbnail/9df78eab33525d08d6e5fb8d27136e95/p/r/product_image_42692_1621355708.jpg?tp=989848535,[],[],[],[],[],[],[],2750000,2062500,[]
MENS CREW NECK T-SHIRT-TIBON,https://www.salian.com/men/clothes/t-shirt/mens-crew-neck-t-shirt-tibon.html,https://www.salian.com/media/catalog/product/cache/4/thumbnail/9df78eab33525d08d6e5fb8d27136e95/p/r/product_image_42507_1618892115.jpg?tp=1988295775,[],[],[],[],[],[],[],2950000,2065000,[]
MENS CREW NECK T-SHIRT-SANGO,https://www.salian.com/men/clothes/t-shirt/mens-crew-neck-t-shirt-sango.html,https://www.salian.com/media/catalog/product/cache/4/thumbnail/9df78eab33525d08d6e5fb8d27136e95/p/r/product_image_41835_1621065780.jpg?tp=2053731556,https://www.salian.com/media/catalog/product/cache/4/thumbnail/9df78eab33525d08d6e5fb8d27136e95/p/r/product_image_41835_1621065789.jpg?tp=1710242238,[],[],[],[],[],[],2930000,2051000,[]
MENS CREW NECK T-SHIRT-FARNALL,https://www.salian.com/men/clothes/t-shirt/mens-crew-neck-t-shirt-farnall.html,https://www.salian.com/media/catalog/product/cache/4/thumbnail/9df78eab33525d08d6e5fb8d27136e95/p/r/product_image_41680_1620020211.jpg?tp=1957964639,[],[],[],[],[],[],[],2050000,1435000,[]
CREW NECK T-SHIRT-RUDOLF,https://www.salian.com/men/clothes/t-shirt/crew-neck-t-shirt-rudolf.html,https://www.salian.com/media/catalog/product/cache/4/thumbnail/9df78eab33525d08d6e5fb8d27136e95/p/r/product_image_37385_1618444458.jpg?tp=2146355684,https://www.salian.com/media/catalog/product/cache/4/thumbnail/9df78eab33525d08d6e5fb8d27136e95/p/r/product_image_37385_1618444462.jpg?tp=1254327023,[],[],[],[],[],[],2450000,1837500,[]
