Name,Main Web Page,Main Image,Second Image,Third Image,Fourth Image,Fifth Image,Sixth Image,Seventh Image,Eighth Image,Ninth Image,Tenth Image,Price,Value of Discount,Collar,Sleeve
4544038-شلوار-مردانه-ال-سی-وایکیکی-مدل-8yam41932nw-69f,https://www.digistyle.com/product/4544038-شلوار-مردانه-ال-سی-وایکیکی-مدل-8yam41932nw-69f,https://dkstatics-public.digikala.com/digikala-products/92844c00d989d09ecfc0a5c5646e00ca60c9bfc6_1614492379.jpg,https://dkstatics-public.digikala.com/digikala-products/5071bb45d122840976ea21b458b72cd98f2f2cc1_1614492378.jpg,https://dkstatics-public.digikala.com/digikala-products/92dae719c1c2ba6d8a1a62c5edb9989aef912f2d_1614492382.jpg,https://dkstatics-public.digikala.com/digikala-products/2d9b09ee8b12318ae67b9340cb6c24033e338af3_1614492383.jpg,https://dkstatics-public.digikala.com/digikala-products/289669473b3eb75011c2df629a25482d82517e16_1614492384.jpg,https://dkstatics-public.digikala.com/digikala-products/82921a6768dfcab21d56349c99462537e31ebfde_1614492386.jpg,[],[],[],[],5900000,[],[],[]
4544038-شلوار-مردانه-ال-سی-وایکیکی-مدل-8yam41932nw-69f?size_id=2582,https://www.digistyle.com/product/4544038-شلوار-مردانه-ال-سی-وایکیکی-مدل-8yam41932nw-69f?size_id=2582,https://dkstatics-public.digikala.com/digikala-products/92844c00d989d09ecfc0a5c5646e00ca60c9bfc6_1614492379.jpg,https://dkstatics-public.digikala.com/digikala-products/5071bb45d122840976ea21b458b72cd98f2f2cc1_1614492378.jpg,https://dkstatics-public.digikala.com/digikala-products/92dae719c1c2ba6d8a1a62c5edb9989aef912f2d_1614492382.jpg,https://dkstatics-public.digikala.com/digikala-products/2d9b09ee8b12318ae67b9340cb6c24033e338af3_1614492383.jpg,https://dkstatics-public.digikala.com/digikala-products/289669473b3eb75011c2df629a25482d82517e16_1614492384.jpg,https://dkstatics-public.digikala.com/digikala-products/82921a6768dfcab21d56349c99462537e31ebfde_1614492386.jpg,[],[],[],[],5900000,[],[],[]
4544038-شلوار-مردانه-ال-سی-وایکیکی-مدل-8yam41932nw-69f?size_id=2583,https://www.digistyle.com/product/4544038-شلوار-مردانه-ال-سی-وایکیکی-مدل-8yam41932nw-69f?size_id=2583,https://dkstatics-public.digikala.com/digikala-products/92844c00d989d09ecfc0a5c5646e00ca60c9bfc6_1614492379.jpg,https://dkstatics-public.digikala.com/digikala-products/5071bb45d122840976ea21b458b72cd98f2f2cc1_1614492378.jpg,https://dkstatics-public.digikala.com/digikala-products/92dae719c1c2ba6d8a1a62c5edb9989aef912f2d_1614492382.jpg,https://dkstatics-public.digikala.com/digikala-products/2d9b09ee8b12318ae67b9340cb6c24033e338af3_1614492383.jpg,https://dkstatics-public.digikala.com/digikala-products/289669473b3eb75011c2df629a25482d82517e16_1614492384.jpg,https://dkstatics-public.digikala.com/digikala-products/82921a6768dfcab21d56349c99462537e31ebfde_1614492386.jpg,[],[],[],[],5900000,[],[],[]
4544038-شلوار-مردانه-ال-سی-وایکیکی-مدل-8yam41932nw-69f?size_id=2584,https://www.digistyle.com/product/4544038-شلوار-مردانه-ال-سی-وایکیکی-مدل-8yam41932nw-69f?size_id=2584,https://dkstatics-public.digikala.com/digikala-products/92844c00d989d09ecfc0a5c5646e00ca60c9bfc6_1614492379.jpg,https://dkstatics-public.digikala.com/digikala-products/5071bb45d122840976ea21b458b72cd98f2f2cc1_1614492378.jpg,https://dkstatics-public.digikala.com/digikala-products/92dae719c1c2ba6d8a1a62c5edb9989aef912f2d_1614492382.jpg,https://dkstatics-public.digikala.com/digikala-products/2d9b09ee8b12318ae67b9340cb6c24033e338af3_1614492383.jpg,https://dkstatics-public.digikala.com/digikala-products/289669473b3eb75011c2df629a25482d82517e16_1614492384.jpg,https://dkstatics-public.digikala.com/digikala-products/82921a6768dfcab21d56349c99462537e31ebfde_1614492386.jpg,[],[],[],[],5900000,[],[],[]
4544038-شلوار-مردانه-ال-سی-وایکیکی-مدل-8yam41932nw-69f,https://www.digistyle.com/product/4544038-شلوار-مردانه-ال-سی-وایکیکی-مدل-8yam41932nw-69f,https://dkstatics-public.digikala.com/digikala-products/92844c00d989d09ecfc0a5c5646e00ca60c9bfc6_1614492379.jpg,https://dkstatics-public.digikala.com/digikala-products/5071bb45d122840976ea21b458b72cd98f2f2cc1_1614492378.jpg,https://dkstatics-public.digikala.com/digikala-products/92dae719c1c2ba6d8a1a62c5edb9989aef912f2d_1614492382.jpg,https://dkstatics-public.digikala.com/digikala-products/2d9b09ee8b12318ae67b9340cb6c24033e338af3_1614492383.jpg,https://dkstatics-public.digikala.com/digikala-products/289669473b3eb75011c2df629a25482d82517e16_1614492384.jpg,https://dkstatics-public.digikala.com/digikala-products/82921a6768dfcab21d56349c99462537e31ebfde_1614492386.jpg,[],[],[],[],5900000,[],[],[]
4170667-شلوار-مردانه-کوتون-مدل-8yam41932nw-c24,https://www.digistyle.com/product/4170667-شلوار-مردانه-کوتون-مدل-8yam41932nw-c24,https://dkstatics-public.digikala.com/digikala-products/fddb1e234e11f0df2814deb3284102257263eaea_1610449976.jpg,https://dkstatics-public.digikala.com/digikala-products/6c9326d80c5c431040257e311769da903307565d_1610449978.jpg,https://dkstatics-public.digikala.com/digikala-products/6a57be731e27e41c5861d68ffdc1ed4b1305b17c_1610449978.jpg,https://dkstatics-public.digikala.com/digikala-products/35e40d2d336e0981f4a5839cce9aaa90a85ee47b_1610449979.jpg,https://dkstatics-public.digikala.com/digikala-products/511a4b94ccc4f91c2a21269553dc3543ba4770d0_1610449981.jpg,https://dkstatics-public.digikala.com/digikala-products/4eb2208e79be049727e4683732b2e8213a581465_1610450001.jpg,[],[],[],[],5900000,3540000,[],[]
4170667-شلوار-مردانه-کوتون-مدل-8yam41932nw-c24?size_id=2583,https://www.digistyle.com/product/4170667-شلوار-مردانه-کوتون-مدل-8yam41932nw-c24?size_id=2583,https://dkstatics-public.digikala.com/digikala-products/fddb1e234e11f0df2814deb3284102257263eaea_1610449976.jpg,https://dkstatics-public.digikala.com/digikala-products/6c9326d80c5c431040257e311769da903307565d_1610449978.jpg,https://dkstatics-public.digikala.com/digikala-products/6a57be731e27e41c5861d68ffdc1ed4b1305b17c_1610449978.jpg,https://dkstatics-public.digikala.com/digikala-products/35e40d2d336e0981f4a5839cce9aaa90a85ee47b_1610449979.jpg,https://dkstatics-public.digikala.com/digikala-products/511a4b94ccc4f91c2a21269553dc3543ba4770d0_1610449981.jpg,https://dkstatics-public.digikala.com/digikala-products/4eb2208e79be049727e4683732b2e8213a581465_1610450001.jpg,[],[],[],[],5900000,3540000,[],[]
4170667-شلوار-مردانه-کوتون-مدل-8yam41932nw-c24?size_id=2584,https://www.digistyle.com/product/4170667-شلوار-مردانه-کوتون-مدل-8yam41932nw-c24?size_id=2584,https://dkstatics-public.digikala.com/digikala-products/fddb1e234e11f0df2814deb3284102257263eaea_1610449976.jpg,https://dkstatics-public.digikala.com/digikala-products/6c9326d80c5c431040257e311769da903307565d_1610449978.jpg,https://dkstatics-public.digikala.com/digikala-products/6a57be731e27e41c5861d68ffdc1ed4b1305b17c_1610449978.jpg,https://dkstatics-public.digikala.com/digikala-products/35e40d2d336e0981f4a5839cce9aaa90a85ee47b_1610449979.jpg,https://dkstatics-public.digikala.com/digikala-products/511a4b94ccc4f91c2a21269553dc3543ba4770d0_1610449981.jpg,https://dkstatics-public.digikala.com/digikala-products/4eb2208e79be049727e4683732b2e8213a581465_1610450001.jpg,[],[],[],[],5900000,3540000,[],[]
4170667-شلوار-مردانه-کوتون-مدل-8yam41932nw-c24?size_id=2585,https://www.digistyle.com/product/4170667-شلوار-مردانه-کوتون-مدل-8yam41932nw-c24?size_id=2585,https://dkstatics-public.digikala.com/digikala-products/fddb1e234e11f0df2814deb3284102257263eaea_1610449976.jpg,https://dkstatics-public.digikala.com/digikala-products/6c9326d80c5c431040257e311769da903307565d_1610449978.jpg,https://dkstatics-public.digikala.com/digikala-products/6a57be731e27e41c5861d68ffdc1ed4b1305b17c_1610449978.jpg,https://dkstatics-public.digikala.com/digikala-products/35e40d2d336e0981f4a5839cce9aaa90a85ee47b_1610449979.jpg,https://dkstatics-public.digikala.com/digikala-products/511a4b94ccc4f91c2a21269553dc3543ba4770d0_1610449981.jpg,https://dkstatics-public.digikala.com/digikala-products/4eb2208e79be049727e4683732b2e8213a581465_1610450001.jpg,[],[],[],[],5900000,3540000,[],[]
4170667-شلوار-مردانه-کوتون-مدل-8yam41932nw-c24?size_id=2582,https://www.digistyle.com/product/4170667-شلوار-مردانه-کوتون-مدل-8yam41932nw-c24?size_id=2582,https://dkstatics-public.digikala.com/digikala-products/fddb1e234e11f0df2814deb3284102257263eaea_1610449976.jpg,https://dkstatics-public.digikala.com/digikala-products/6c9326d80c5c431040257e311769da903307565d_1610449978.jpg,https://dkstatics-public.digikala.com/digikala-products/6a57be731e27e41c5861d68ffdc1ed4b1305b17c_1610449978.jpg,https://dkstatics-public.digikala.com/digikala-products/35e40d2d336e0981f4a5839cce9aaa90a85ee47b_1610449979.jpg,https://dkstatics-public.digikala.com/digikala-products/511a4b94ccc4f91c2a21269553dc3543ba4770d0_1610449981.jpg,https://dkstatics-public.digikala.com/digikala-products/4eb2208e79be049727e4683732b2e8213a581465_1610450001.jpg,[],[],[],[],5900000,3540000,[],[]
4170667-شلوار-مردانه-کوتون-مدل-8yam41932nw-c24?size_id=2636,https://www.digistyle.com/product/4170667-شلوار-مردانه-کوتون-مدل-8yam41932nw-c24?size_id=2636,https://dkstatics-public.digikala.com/digikala-products/fddb1e234e11f0df2814deb3284102257263eaea_1610449976.jpg,https://dkstatics-public.digikala.com/digikala-products/6c9326d80c5c431040257e311769da903307565d_1610449978.jpg,https://dkstatics-public.digikala.com/digikala-products/6a57be731e27e41c5861d68ffdc1ed4b1305b17c_1610449978.jpg,https://dkstatics-public.digikala.com/digikala-products/35e40d2d336e0981f4a5839cce9aaa90a85ee47b_1610449979.jpg,https://dkstatics-public.digikala.com/digikala-products/511a4b94ccc4f91c2a21269553dc3543ba4770d0_1610449981.jpg,https://dkstatics-public.digikala.com/digikala-products/4eb2208e79be049727e4683732b2e8213a581465_1610450001.jpg,[],[],[],[],5900000,3540000,[],[]
4170667-شلوار-مردانه-کوتون-مدل-8yam41932nw-c24,https://www.digistyle.com/product/4170667-شلوار-مردانه-کوتون-مدل-8yam41932nw-c24,https://dkstatics-public.digikala.com/digikala-products/fddb1e234e11f0df2814deb3284102257263eaea_1610449976.jpg,https://dkstatics-public.digikala.com/digikala-products/6c9326d80c5c431040257e311769da903307565d_1610449978.jpg,https://dkstatics-public.digikala.com/digikala-products/6a57be731e27e41c5861d68ffdc1ed4b1305b17c_1610449978.jpg,https://dkstatics-public.digikala.com/digikala-products/35e40d2d336e0981f4a5839cce9aaa90a85ee47b_1610449979.jpg,https://dkstatics-public.digikala.com/digikala-products/511a4b94ccc4f91c2a21269553dc3543ba4770d0_1610449981.jpg,https://dkstatics-public.digikala.com/digikala-products/4eb2208e79be049727e4683732b2e8213a581465_1610450001.jpg,[],[],[],[],5900000,3540000,[],[]
4194392-شلوار-مردانه-ال-سی-وایکیکی-مدل-5kb181z8-e1j,https://www.digistyle.com/product/4194392-شلوار-مردانه-ال-سی-وایکیکی-مدل-5kb181z8-e1j,https://dkstatics-public.digikala.com/digikala-products/20b8d9c29962225ec081f6249776271dd41b26c8_1610439985.jpg,https://dkstatics-public.digikala.com/digikala-products/60cce52c59c5740b4b008b128dff8adfc6b99c2c_1610439983.jpg,https://dkstatics-public.digikala.com/digikala-products/dc7037e649ae2737cf307a9295cb67836bb81907_1610439987.jpg,https://dkstatics-public.digikala.com/digikala-products/38a849ccc69f2419e41fc296e9b271f9a3d812ae_1610439989.jpg,https://dkstatics-public.digikala.com/digikala-products/2e5dd58242405d16a5a7c21dea0fdaa642ed7b84_1610439980.jpg,[],[],[],[],[],7690000,4610000,[],[]
4194392-شلوار-مردانه-ال-سی-وایکیکی-مدل-5kb181z8-e1j?size_id=1,https://www.digistyle.com/product/4194392-شلوار-مردانه-ال-سی-وایکیکی-مدل-5kb181z8-e1j?size_id=1,https://dkstatics-public.digikala.com/digikala-products/20b8d9c29962225ec081f6249776271dd41b26c8_1610439985.jpg,https://dkstatics-public.digikala.com/digikala-products/60cce52c59c5740b4b008b128dff8adfc6b99c2c_1610439983.jpg,https://dkstatics-public.digikala.com/digikala-products/dc7037e649ae2737cf307a9295cb67836bb81907_1610439987.jpg,https://dkstatics-public.digikala.com/digikala-products/38a849ccc69f2419e41fc296e9b271f9a3d812ae_1610439989.jpg,https://dkstatics-public.digikala.com/digikala-products/2e5dd58242405d16a5a7c21dea0fdaa642ed7b84_1610439980.jpg,[],[],[],[],[],7690000,4610000,[],[]
4194392-شلوار-مردانه-ال-سی-وایکیکی-مدل-5kb181z8-e1j?size_id=2582,https://www.digistyle.com/product/4194392-شلوار-مردانه-ال-سی-وایکیکی-مدل-5kb181z8-e1j?size_id=2582,https://dkstatics-public.digikala.com/digikala-products/20b8d9c29962225ec081f6249776271dd41b26c8_1610439985.jpg,https://dkstatics-public.digikala.com/digikala-products/60cce52c59c5740b4b008b128dff8adfc6b99c2c_1610439983.jpg,https://dkstatics-public.digikala.com/digikala-products/dc7037e649ae2737cf307a9295cb67836bb81907_1610439987.jpg,https://dkstatics-public.digikala.com/digikala-products/38a849ccc69f2419e41fc296e9b271f9a3d812ae_1610439989.jpg,https://dkstatics-public.digikala.com/digikala-products/2e5dd58242405d16a5a7c21dea0fdaa642ed7b84_1610439980.jpg,[],[],[],[],[],7690000,4610000,[],[]
4194392-شلوار-مردانه-ال-سی-وایکیکی-مدل-5kb181z8-e1j,https://www.digistyle.com/product/4194392-شلوار-مردانه-ال-سی-وایکیکی-مدل-5kb181z8-e1j,https://dkstatics-public.digikala.com/digikala-products/20b8d9c29962225ec081f6249776271dd41b26c8_1610439985.jpg,https://dkstatics-public.digikala.com/digikala-products/60cce52c59c5740b4b008b128dff8adfc6b99c2c_1610439983.jpg,https://dkstatics-public.digikala.com/digikala-products/dc7037e649ae2737cf307a9295cb67836bb81907_1610439987.jpg,https://dkstatics-public.digikala.com/digikala-products/38a849ccc69f2419e41fc296e9b271f9a3d812ae_1610439989.jpg,https://dkstatics-public.digikala.com/digikala-products/2e5dd58242405d16a5a7c21dea0fdaa642ed7b84_1610439980.jpg,[],[],[],[],[],7690000,4610000,[],[]
2333693-شلوار-مردانه-دیان-کد-414-رنگ-مشکی,https://www.digistyle.com/product/2333693-شلوار-مردانه-دیان-کد-414-رنگ-مشکی,https://dkstatics-public.digikala.com/digikala-products/115161526.jpg,https://dkstatics-public.digikala.com/digikala-products/115161541.jpg,https://dkstatics-public.digikala.com/digikala-products/115161539.jpg,https://dkstatics-public.digikala.com/digikala-products/115632682.jpg,[],[],[],[],[],[],1780000,330000,[],[]
2333693-شلوار-مردانه-دیان-کد-414-رنگ-مشکی?size_id=2584,https://www.digistyle.com/product/2333693-شلوار-مردانه-دیان-کد-414-رنگ-مشکی?size_id=2584,https://dkstatics-public.digikala.com/digikala-products/115161526.jpg,https://dkstatics-public.digikala.com/digikala-products/115161541.jpg,https://dkstatics-public.digikala.com/digikala-products/115161539.jpg,https://dkstatics-public.digikala.com/digikala-products/115632682.jpg,[],[],[],[],[],[],1780000,330000,[],[]
2333693-شلوار-مردانه-دیان-کد-414-رنگ-مشکی?size_id=2585,https://www.digistyle.com/product/2333693-شلوار-مردانه-دیان-کد-414-رنگ-مشکی?size_id=2585,https://dkstatics-public.digikala.com/digikala-products/115161526.jpg,https://dkstatics-public.digikala.com/digikala-products/115161541.jpg,https://dkstatics-public.digikala.com/digikala-products/115161539.jpg,https://dkstatics-public.digikala.com/digikala-products/115632682.jpg,[],[],[],[],[],[],1780000,330000,[],[]
2333693-شلوار-مردانه-دیان-کد-414-رنگ-مشکی?size_id=408,https://www.digistyle.com/product/2333693-شلوار-مردانه-دیان-کد-414-رنگ-مشکی?size_id=408,https://dkstatics-public.digikala.com/digikala-products/115161526.jpg,https://dkstatics-public.digikala.com/digikala-products/115161541.jpg,https://dkstatics-public.digikala.com/digikala-products/115161539.jpg,https://dkstatics-public.digikala.com/digikala-products/115632682.jpg,[],[],[],[],[],[],1780000,330000,[],[]
2333693-شلوار-مردانه-دیان-کد-414-رنگ-مشکی?size_id=409,https://www.digistyle.com/product/2333693-شلوار-مردانه-دیان-کد-414-رنگ-مشکی?size_id=409,https://dkstatics-public.digikala.com/digikala-products/115161526.jpg,https://dkstatics-public.digikala.com/digikala-products/115161541.jpg,https://dkstatics-public.digikala.com/digikala-products/115161539.jpg,https://dkstatics-public.digikala.com/digikala-products/115632682.jpg,[],[],[],[],[],[],1780000,330000,[],[]
2333693-شلوار-مردانه-دیان-کد-414-رنگ-مشکی,https://www.digistyle.com/product/2333693-شلوار-مردانه-دیان-کد-414-رنگ-مشکی,https://dkstatics-public.digikala.com/digikala-products/115161526.jpg,https://dkstatics-public.digikala.com/digikala-products/115161541.jpg,https://dkstatics-public.digikala.com/digikala-products/115161539.jpg,https://dkstatics-public.digikala.com/digikala-products/115632682.jpg,[],[],[],[],[],[],1780000,330000,[],[]
4170781-شلوار-مردانه-کوتون-مدل-8yam41927nw-69f,https://www.digistyle.com/product/4170781-شلوار-مردانه-کوتون-مدل-8yam41927nw-69f,https://dkstatics-public.digikala.com/digikala-products/57e0a2753e518051dda07a32a9efa8ae81d8d9a5_1610453945.jpg,https://dkstatics-public.digikala.com/digikala-products/0e3d161f21f8ed53d5280efa13ae5b8809d4665c_1610453946.jpg,https://dkstatics-public.digikala.com/digikala-products/0321b00012db1038bbe9e03f6cdcabb1606eaa8b_1610453952.jpg,https://dkstatics-public.digikala.com/digikala-products/c18db1fb3c58092986aefb7d53138b0974bc2499_1610453953.jpg,https://dkstatics-public.digikala.com/digikala-products/19cbcd48d32ac827608480bf32c135c2a44fd134_1610453955.jpg,[],[],[],[],[],6490000,3890000,[],[]
4170781-شلوار-مردانه-کوتون-مدل-8yam41927nw-69f?size_id=2582,https://www.digistyle.com/product/4170781-شلوار-مردانه-کوتون-مدل-8yam41927nw-69f?size_id=2582,https://dkstatics-public.digikala.com/digikala-products/57e0a2753e518051dda07a32a9efa8ae81d8d9a5_1610453945.jpg,https://dkstatics-public.digikala.com/digikala-products/0e3d161f21f8ed53d5280efa13ae5b8809d4665c_1610453946.jpg,https://dkstatics-public.digikala.com/digikala-products/0321b00012db1038bbe9e03f6cdcabb1606eaa8b_1610453952.jpg,https://dkstatics-public.digikala.com/digikala-products/c18db1fb3c58092986aefb7d53138b0974bc2499_1610453953.jpg,https://dkstatics-public.digikala.com/digikala-products/19cbcd48d32ac827608480bf32c135c2a44fd134_1610453955.jpg,[],[],[],[],[],6490000,3890000,[],[]
4170781-شلوار-مردانه-کوتون-مدل-8yam41927nw-69f?size_id=2583,https://www.digistyle.com/product/4170781-شلوار-مردانه-کوتون-مدل-8yam41927nw-69f?size_id=2583,https://dkstatics-public.digikala.com/digikala-products/57e0a2753e518051dda07a32a9efa8ae81d8d9a5_1610453945.jpg,https://dkstatics-public.digikala.com/digikala-products/0e3d161f21f8ed53d5280efa13ae5b8809d4665c_1610453946.jpg,https://dkstatics-public.digikala.com/digikala-products/0321b00012db1038bbe9e03f6cdcabb1606eaa8b_1610453952.jpg,https://dkstatics-public.digikala.com/digikala-products/c18db1fb3c58092986aefb7d53138b0974bc2499_1610453953.jpg,https://dkstatics-public.digikala.com/digikala-products/19cbcd48d32ac827608480bf32c135c2a44fd134_1610453955.jpg,[],[],[],[],[],6490000,3890000,[],[]
4170781-شلوار-مردانه-کوتون-مدل-8yam41927nw-69f?size_id=2584,https://www.digistyle.com/product/4170781-شلوار-مردانه-کوتون-مدل-8yam41927nw-69f?size_id=2584,https://dkstatics-public.digikala.com/digikala-products/57e0a2753e518051dda07a32a9efa8ae81d8d9a5_1610453945.jpg,https://dkstatics-public.digikala.com/digikala-products/0e3d161f21f8ed53d5280efa13ae5b8809d4665c_1610453946.jpg,https://dkstatics-public.digikala.com/digikala-products/0321b00012db1038bbe9e03f6cdcabb1606eaa8b_1610453952.jpg,https://dkstatics-public.digikala.com/digikala-products/c18db1fb3c58092986aefb7d53138b0974bc2499_1610453953.jpg,https://dkstatics-public.digikala.com/digikala-products/19cbcd48d32ac827608480bf32c135c2a44fd134_1610453955.jpg,[],[],[],[],[],6490000,3890000,[],[]
4170781-شلوار-مردانه-کوتون-مدل-8yam41927nw-69f,https://www.digistyle.com/product/4170781-شلوار-مردانه-کوتون-مدل-8yam41927nw-69f,https://dkstatics-public.digikala.com/digikala-products/57e0a2753e518051dda07a32a9efa8ae81d8d9a5_1610453945.jpg,https://dkstatics-public.digikala.com/digikala-products/0e3d161f21f8ed53d5280efa13ae5b8809d4665c_1610453946.jpg,https://dkstatics-public.digikala.com/digikala-products/0321b00012db1038bbe9e03f6cdcabb1606eaa8b_1610453952.jpg,https://dkstatics-public.digikala.com/digikala-products/c18db1fb3c58092986aefb7d53138b0974bc2499_1610453953.jpg,https://dkstatics-public.digikala.com/digikala-products/19cbcd48d32ac827608480bf32c135c2a44fd134_1610453955.jpg,[],[],[],[],[],6490000,3890000,[],[]
1919336-شلوار-مردانه-کد-131,https://www.digistyle.com/product/1919336-شلوار-مردانه-کد-131,https://dkstatics-public.digikala.com/digikala-products/112780768.jpg,https://dkstatics-public.digikala.com/digikala-products/b5384a8603a40e74ba94d090d16b2dde82e11279_1617607580.jpg,https://dkstatics-public.digikala.com/digikala-products/112780791.jpg,https://dkstatics-public.digikala.com/digikala-products/112780793.jpg,https://dkstatics-public.digikala.com/digikala-products/112780797.jpg,https://dkstatics-public.digikala.com/digikala-products/112780798.jpg,https://dkstatics-public.digikala.com/digikala-products/112780799.jpg,https://dkstatics-public.digikala.com/digikala-products/112780801.jpg,https://dkstatics-public.digikala.com/digikala-products/dd898c8f5ab9f2a083335d5eb052226c29e2c26c_1593939677.jpg,[],1500000,75000,[],[]
1919336-شلوار-مردانه-کد-131?size_id=2584,https://www.digistyle.com/product/1919336-شلوار-مردانه-کد-131?size_id=2584,https://dkstatics-public.digikala.com/digikala-products/112780768.jpg,https://dkstatics-public.digikala.com/digikala-products/b5384a8603a40e74ba94d090d16b2dde82e11279_1617607580.jpg,https://dkstatics-public.digikala.com/digikala-products/112780791.jpg,https://dkstatics-public.digikala.com/digikala-products/112780793.jpg,https://dkstatics-public.digikala.com/digikala-products/112780797.jpg,https://dkstatics-public.digikala.com/digikala-products/112780798.jpg,https://dkstatics-public.digikala.com/digikala-products/112780799.jpg,https://dkstatics-public.digikala.com/digikala-products/112780801.jpg,https://dkstatics-public.digikala.com/digikala-products/dd898c8f5ab9f2a083335d5eb052226c29e2c26c_1593939677.jpg,[],1500000,75000,[],[]
1919336-شلوار-مردانه-کد-131?size_id=2585,https://www.digistyle.com/product/1919336-شلوار-مردانه-کد-131?size_id=2585,https://dkstatics-public.digikala.com/digikala-products/112780768.jpg,https://dkstatics-public.digikala.com/digikala-products/b5384a8603a40e74ba94d090d16b2dde82e11279_1617607580.jpg,https://dkstatics-public.digikala.com/digikala-products/112780791.jpg,https://dkstatics-public.digikala.com/digikala-products/112780793.jpg,https://dkstatics-public.digikala.com/digikala-products/112780797.jpg,https://dkstatics-public.digikala.com/digikala-products/112780798.jpg,https://dkstatics-public.digikala.com/digikala-products/112780799.jpg,https://dkstatics-public.digikala.com/digikala-products/112780801.jpg,https://dkstatics-public.digikala.com/digikala-products/dd898c8f5ab9f2a083335d5eb052226c29e2c26c_1593939677.jpg,[],1500000,75000,[],[]
1919336-شلوار-مردانه-کد-131?size_id=2636,https://www.digistyle.com/product/1919336-شلوار-مردانه-کد-131?size_id=2636,https://dkstatics-public.digikala.com/digikala-products/112780768.jpg,https://dkstatics-public.digikala.com/digikala-products/b5384a8603a40e74ba94d090d16b2dde82e11279_1617607580.jpg,https://dkstatics-public.digikala.com/digikala-products/112780791.jpg,https://dkstatics-public.digikala.com/digikala-products/112780793.jpg,https://dkstatics-public.digikala.com/digikala-products/112780797.jpg,https://dkstatics-public.digikala.com/digikala-products/112780798.jpg,https://dkstatics-public.digikala.com/digikala-products/112780799.jpg,https://dkstatics-public.digikala.com/digikala-products/112780801.jpg,https://dkstatics-public.digikala.com/digikala-products/dd898c8f5ab9f2a083335d5eb052226c29e2c26c_1593939677.jpg,[],1500000,75000,[],[]
1919336-شلوار-مردانه-کد-131?size_id=408,https://www.digistyle.com/product/1919336-شلوار-مردانه-کد-131?size_id=408,https://dkstatics-public.digikala.com/digikala-products/112780768.jpg,https://dkstatics-public.digikala.com/digikala-products/b5384a8603a40e74ba94d090d16b2dde82e11279_1617607580.jpg,https://dkstatics-public.digikala.com/digikala-products/112780791.jpg,https://dkstatics-public.digikala.com/digikala-products/112780793.jpg,https://dkstatics-public.digikala.com/digikala-products/112780797.jpg,https://dkstatics-public.digikala.com/digikala-products/112780798.jpg,https://dkstatics-public.digikala.com/digikala-products/112780799.jpg,https://dkstatics-public.digikala.com/digikala-products/112780801.jpg,https://dkstatics-public.digikala.com/digikala-products/dd898c8f5ab9f2a083335d5eb052226c29e2c26c_1593939677.jpg,[],1500000,75000,[],[]
1919336-شلوار-مردانه-کد-131?size_id=409,https://www.digistyle.com/product/1919336-شلوار-مردانه-کد-131?size_id=409,https://dkstatics-public.digikala.com/digikala-products/112780768.jpg,https://dkstatics-public.digikala.com/digikala-products/b5384a8603a40e74ba94d090d16b2dde82e11279_1617607580.jpg,https://dkstatics-public.digikala.com/digikala-products/112780791.jpg,https://dkstatics-public.digikala.com/digikala-products/112780793.jpg,https://dkstatics-public.digikala.com/digikala-products/112780797.jpg,https://dkstatics-public.digikala.com/digikala-products/112780798.jpg,https://dkstatics-public.digikala.com/digikala-products/112780799.jpg,https://dkstatics-public.digikala.com/digikala-products/112780801.jpg,https://dkstatics-public.digikala.com/digikala-products/dd898c8f5ab9f2a083335d5eb052226c29e2c26c_1593939677.jpg,[],1500000,75000,[],[]
1919336-شلوار-مردانه-کد-131,https://www.digistyle.com/product/1919336-شلوار-مردانه-کد-131,https://dkstatics-public.digikala.com/digikala-products/112780768.jpg,https://dkstatics-public.digikala.com/digikala-products/b5384a8603a40e74ba94d090d16b2dde82e11279_1617607580.jpg,https://dkstatics-public.digikala.com/digikala-products/112780791.jpg,https://dkstatics-public.digikala.com/digikala-products/112780793.jpg,https://dkstatics-public.digikala.com/digikala-products/112780797.jpg,https://dkstatics-public.digikala.com/digikala-products/112780798.jpg,https://dkstatics-public.digikala.com/digikala-products/112780799.jpg,https://dkstatics-public.digikala.com/digikala-products/112780801.jpg,https://dkstatics-public.digikala.com/digikala-products/dd898c8f5ab9f2a083335d5eb052226c29e2c26c_1593939677.jpg,[],1500000,75000,[],[]
2564907-شلوار-مردانه-دیان-کد-s-t252,https://www.digistyle.com/product/2564907-شلوار-مردانه-دیان-کد-s-t252,https://dkstatics-public.digikala.com/digikala-products/119824888.jpg,https://dkstatics-public.digikala.com/digikala-products/119824894.jpg,https://dkstatics-public.digikala.com/digikala-products/119824898.jpg,https://dkstatics-public.digikala.com/digikala-products/119824902.jpg,https://dkstatics-public.digikala.com/digikala-products/119824908.jpg,https://dkstatics-public.digikala.com/digikala-products/119824912.jpg,[],[],[],[],900000,150000,[],[]
2564907-شلوار-مردانه-دیان-کد-s-t252?size_id=2584,https://www.digistyle.com/product/2564907-شلوار-مردانه-دیان-کد-s-t252?size_id=2584,https://dkstatics-public.digikala.com/digikala-products/119824888.jpg,https://dkstatics-public.digikala.com/digikala-products/119824894.jpg,https://dkstatics-public.digikala.com/digikala-products/119824898.jpg,https://dkstatics-public.digikala.com/digikala-products/119824902.jpg,https://dkstatics-public.digikala.com/digikala-products/119824908.jpg,https://dkstatics-public.digikala.com/digikala-products/119824912.jpg,[],[],[],[],900000,150000,[],[]
2564907-شلوار-مردانه-دیان-کد-s-t252?size_id=2585,https://www.digistyle.com/product/2564907-شلوار-مردانه-دیان-کد-s-t252?size_id=2585,https://dkstatics-public.digikala.com/digikala-products/119824888.jpg,https://dkstatics-public.digikala.com/digikala-products/119824894.jpg,https://dkstatics-public.digikala.com/digikala-products/119824898.jpg,https://dkstatics-public.digikala.com/digikala-products/119824902.jpg,https://dkstatics-public.digikala.com/digikala-products/119824908.jpg,https://dkstatics-public.digikala.com/digikala-products/119824912.jpg,[],[],[],[],900000,150000,[],[]
2564907-شلوار-مردانه-دیان-کد-s-t252,https://www.digistyle.com/product/2564907-شلوار-مردانه-دیان-کد-s-t252,https://dkstatics-public.digikala.com/digikala-products/119824888.jpg,https://dkstatics-public.digikala.com/digikala-products/119824894.jpg,https://dkstatics-public.digikala.com/digikala-products/119824898.jpg,https://dkstatics-public.digikala.com/digikala-products/119824902.jpg,https://dkstatics-public.digikala.com/digikala-products/119824908.jpg,https://dkstatics-public.digikala.com/digikala-products/119824912.jpg,[],[],[],[],900000,150000,[],[]
4170908-شلوار-مردانه-کوتون-مدل-8yam41970nw-616,https://www.digistyle.com/product/4170908-شلوار-مردانه-کوتون-مدل-8yam41970nw-616,https://dkstatics-public.digikala.com/digikala-products/9cc08f6e2af2b786029f91dbaccda507bf63065f_1610449738.jpg,https://dkstatics-public.digikala.com/digikala-products/92de60646741948bafb028b84da2d99bc84e6f8a_1610449739.jpg,https://dkstatics-public.digikala.com/digikala-products/a365594ee6eea2401afab45d313f1dbc9338c6b6_1610449740.jpg,https://dkstatics-public.digikala.com/digikala-products/a069feb3558628f04f7951ff8f30cb2ff898a36c_1610449741.jpg,https://dkstatics-public.digikala.com/digikala-products/c596e0e4a156904888a5a1cca565fe8f949b0fc1_1610449743.jpg,https://dkstatics-public.digikala.com/digikala-products/a0ac6b57e9371ead3f22884af9262697e3030ee2_1610449742.jpg,[],[],[],[],7900000,[],[],[]
4170908-شلوار-مردانه-کوتون-مدل-8yam41970nw-616?size_id=2582,https://www.digistyle.com/product/4170908-شلوار-مردانه-کوتون-مدل-8yam41970nw-616?size_id=2582,https://dkstatics-public.digikala.com/digikala-products/9cc08f6e2af2b786029f91dbaccda507bf63065f_1610449738.jpg,https://dkstatics-public.digikala.com/digikala-products/92de60646741948bafb028b84da2d99bc84e6f8a_1610449739.jpg,https://dkstatics-public.digikala.com/digikala-products/a365594ee6eea2401afab45d313f1dbc9338c6b6_1610449740.jpg,https://dkstatics-public.digikala.com/digikala-products/a069feb3558628f04f7951ff8f30cb2ff898a36c_1610449741.jpg,https://dkstatics-public.digikala.com/digikala-products/c596e0e4a156904888a5a1cca565fe8f949b0fc1_1610449743.jpg,https://dkstatics-public.digikala.com/digikala-products/a0ac6b57e9371ead3f22884af9262697e3030ee2_1610449742.jpg,[],[],[],[],7900000,[],[],[]
4170908-شلوار-مردانه-کوتون-مدل-8yam41970nw-616?size_id=2584,https://www.digistyle.com/product/4170908-شلوار-مردانه-کوتون-مدل-8yam41970nw-616?size_id=2584,https://dkstatics-public.digikala.com/digikala-products/9cc08f6e2af2b786029f91dbaccda507bf63065f_1610449738.jpg,https://dkstatics-public.digikala.com/digikala-products/92de60646741948bafb028b84da2d99bc84e6f8a_1610449739.jpg,https://dkstatics-public.digikala.com/digikala-products/a365594ee6eea2401afab45d313f1dbc9338c6b6_1610449740.jpg,https://dkstatics-public.digikala.com/digikala-products/a069feb3558628f04f7951ff8f30cb2ff898a36c_1610449741.jpg,https://dkstatics-public.digikala.com/digikala-products/c596e0e4a156904888a5a1cca565fe8f949b0fc1_1610449743.jpg,https://dkstatics-public.digikala.com/digikala-products/a0ac6b57e9371ead3f22884af9262697e3030ee2_1610449742.jpg,[],[],[],[],7900000,[],[],[]
4170908-شلوار-مردانه-کوتون-مدل-8yam41970nw-616?size_id=2585,https://www.digistyle.com/product/4170908-شلوار-مردانه-کوتون-مدل-8yam41970nw-616?size_id=2585,https://dkstatics-public.digikala.com/digikala-products/9cc08f6e2af2b786029f91dbaccda507bf63065f_1610449738.jpg,https://dkstatics-public.digikala.com/digikala-products/92de60646741948bafb028b84da2d99bc84e6f8a_1610449739.jpg,https://dkstatics-public.digikala.com/digikala-products/a365594ee6eea2401afab45d313f1dbc9338c6b6_1610449740.jpg,https://dkstatics-public.digikala.com/digikala-products/a069feb3558628f04f7951ff8f30cb2ff898a36c_1610449741.jpg,https://dkstatics-public.digikala.com/digikala-products/c596e0e4a156904888a5a1cca565fe8f949b0fc1_1610449743.jpg,https://dkstatics-public.digikala.com/digikala-products/a0ac6b57e9371ead3f22884af9262697e3030ee2_1610449742.jpg,[],[],[],[],7900000,[],[],[]
4170908-شلوار-مردانه-کوتون-مدل-8yam41970nw-616,https://www.digistyle.com/product/4170908-شلوار-مردانه-کوتون-مدل-8yam41970nw-616,https://dkstatics-public.digikala.com/digikala-products/9cc08f6e2af2b786029f91dbaccda507bf63065f_1610449738.jpg,https://dkstatics-public.digikala.com/digikala-products/92de60646741948bafb028b84da2d99bc84e6f8a_1610449739.jpg,https://dkstatics-public.digikala.com/digikala-products/a365594ee6eea2401afab45d313f1dbc9338c6b6_1610449740.jpg,https://dkstatics-public.digikala.com/digikala-products/a069feb3558628f04f7951ff8f30cb2ff898a36c_1610449741.jpg,https://dkstatics-public.digikala.com/digikala-products/c596e0e4a156904888a5a1cca565fe8f949b0fc1_1610449743.jpg,https://dkstatics-public.digikala.com/digikala-products/a0ac6b57e9371ead3f22884af9262697e3030ee2_1610449742.jpg,[],[],[],[],7900000,[],[],[]
946716-شلوار-مردانه-ادریس-مدل-9,https://www.digistyle.com/product/946716-شلوار-مردانه-ادریس-مدل-9,https://dkstatics-public.digikala.com/digikala-products/4440767.jpg,https://dkstatics-public.digikala.com/digikala-products/e65324bdb53980646c9424bd7a9859ce4e980bca_1617606173.jpg,https://dkstatics-public.digikala.com/digikala-products/4420086.jpg,https://dkstatics-public.digikala.com/digikala-products/4420088.jpg,https://dkstatics-public.digikala.com/digikala-products/4420089.jpg,https://dkstatics-public.digikala.com/digikala-products/4420090.jpg,https://dkstatics-public.digikala.com/digikala-products/4440770.jpg,[],[],[],1850000,400000,[],[]
946716-شلوار-مردانه-ادریس-مدل-9?size_id=2583,https://www.digistyle.com/product/946716-شلوار-مردانه-ادریس-مدل-9?size_id=2583,https://dkstatics-public.digikala.com/digikala-products/4440767.jpg,https://dkstatics-public.digikala.com/digikala-products/e65324bdb53980646c9424bd7a9859ce4e980bca_1617606173.jpg,https://dkstatics-public.digikala.com/digikala-products/4420086.jpg,https://dkstatics-public.digikala.com/digikala-products/4420088.jpg,https://dkstatics-public.digikala.com/digikala-products/4420089.jpg,https://dkstatics-public.digikala.com/digikala-products/4420090.jpg,https://dkstatics-public.digikala.com/digikala-products/4440770.jpg,[],[],[],1850000,400000,[],[]
946716-شلوار-مردانه-ادریس-مدل-9?size_id=2584,https://www.digistyle.com/product/946716-شلوار-مردانه-ادریس-مدل-9?size_id=2584,https://dkstatics-public.digikala.com/digikala-products/4440767.jpg,https://dkstatics-public.digikala.com/digikala-products/e65324bdb53980646c9424bd7a9859ce4e980bca_1617606173.jpg,https://dkstatics-public.digikala.com/digikala-products/4420086.jpg,https://dkstatics-public.digikala.com/digikala-products/4420088.jpg,https://dkstatics-public.digikala.com/digikala-products/4420089.jpg,https://dkstatics-public.digikala.com/digikala-products/4420090.jpg,https://dkstatics-public.digikala.com/digikala-products/4440770.jpg,[],[],[],1850000,400000,[],[]
946716-شلوار-مردانه-ادریس-مدل-9?size_id=2585,https://www.digistyle.com/product/946716-شلوار-مردانه-ادریس-مدل-9?size_id=2585,https://dkstatics-public.digikala.com/digikala-products/4440767.jpg,https://dkstatics-public.digikala.com/digikala-products/e65324bdb53980646c9424bd7a9859ce4e980bca_1617606173.jpg,https://dkstatics-public.digikala.com/digikala-products/4420086.jpg,https://dkstatics-public.digikala.com/digikala-products/4420088.jpg,https://dkstatics-public.digikala.com/digikala-products/4420089.jpg,https://dkstatics-public.digikala.com/digikala-products/4420090.jpg,https://dkstatics-public.digikala.com/digikala-products/4440770.jpg,[],[],[],1850000,400000,[],[]
946716-شلوار-مردانه-ادریس-مدل-9?size_id=2636,https://www.digistyle.com/product/946716-شلوار-مردانه-ادریس-مدل-9?size_id=2636,https://dkstatics-public.digikala.com/digikala-products/4440767.jpg,https://dkstatics-public.digikala.com/digikala-products/e65324bdb53980646c9424bd7a9859ce4e980bca_1617606173.jpg,https://dkstatics-public.digikala.com/digikala-products/4420086.jpg,https://dkstatics-public.digikala.com/digikala-products/4420088.jpg,https://dkstatics-public.digikala.com/digikala-products/4420089.jpg,https://dkstatics-public.digikala.com/digikala-products/4420090.jpg,https://dkstatics-public.digikala.com/digikala-products/4440770.jpg,[],[],[],1850000,400000,[],[]
946716-شلوار-مردانه-ادریس-مدل-9?size_id=2637,https://www.digistyle.com/product/946716-شلوار-مردانه-ادریس-مدل-9?size_id=2637,https://dkstatics-public.digikala.com/digikala-products/4440767.jpg,https://dkstatics-public.digikala.com/digikala-products/e65324bdb53980646c9424bd7a9859ce4e980bca_1617606173.jpg,https://dkstatics-public.digikala.com/digikala-products/4420086.jpg,https://dkstatics-public.digikala.com/digikala-products/4420088.jpg,https://dkstatics-public.digikala.com/digikala-products/4420089.jpg,https://dkstatics-public.digikala.com/digikala-products/4420090.jpg,https://dkstatics-public.digikala.com/digikala-products/4440770.jpg,[],[],[],1850000,400000,[],[]
946716-شلوار-مردانه-ادریس-مدل-9?size_id=408,https://www.digistyle.com/product/946716-شلوار-مردانه-ادریس-مدل-9?size_id=408,https://dkstatics-public.digikala.com/digikala-products/4440767.jpg,https://dkstatics-public.digikala.com/digikala-products/e65324bdb53980646c9424bd7a9859ce4e980bca_1617606173.jpg,https://dkstatics-public.digikala.com/digikala-products/4420086.jpg,https://dkstatics-public.digikala.com/digikala-products/4420088.jpg,https://dkstatics-public.digikala.com/digikala-products/4420089.jpg,https://dkstatics-public.digikala.com/digikala-products/4420090.jpg,https://dkstatics-public.digikala.com/digikala-products/4440770.jpg,[],[],[],1850000,400000,[],[]
946716-شلوار-مردانه-ادریس-مدل-9?size_id=409,https://www.digistyle.com/product/946716-شلوار-مردانه-ادریس-مدل-9?size_id=409,https://dkstatics-public.digikala.com/digikala-products/4440767.jpg,https://dkstatics-public.digikala.com/digikala-products/e65324bdb53980646c9424bd7a9859ce4e980bca_1617606173.jpg,https://dkstatics-public.digikala.com/digikala-products/4420086.jpg,https://dkstatics-public.digikala.com/digikala-products/4420088.jpg,https://dkstatics-public.digikala.com/digikala-products/4420089.jpg,https://dkstatics-public.digikala.com/digikala-products/4420090.jpg,https://dkstatics-public.digikala.com/digikala-products/4440770.jpg,[],[],[],1850000,400000,[],[]
946716-شلوار-مردانه-ادریس-مدل-9,https://www.digistyle.com/product/946716-شلوار-مردانه-ادریس-مدل-9,https://dkstatics-public.digikala.com/digikala-products/4440767.jpg,https://dkstatics-public.digikala.com/digikala-products/e65324bdb53980646c9424bd7a9859ce4e980bca_1617606173.jpg,https://dkstatics-public.digikala.com/digikala-products/4420086.jpg,https://dkstatics-public.digikala.com/digikala-products/4420088.jpg,https://dkstatics-public.digikala.com/digikala-products/4420089.jpg,https://dkstatics-public.digikala.com/digikala-products/4420090.jpg,https://dkstatics-public.digikala.com/digikala-products/4440770.jpg,[],[],[],1850000,400000,[],[]
4168962-شلوار-مردانه-ال-سی-وایکیکی-مدل-8s0795z8-309,https://www.digistyle.com/product/4168962-شلوار-مردانه-ال-سی-وایکیکی-مدل-8s0795z8-309,https://dkstatics-public.digikala.com/digikala-products/23ff8fd3413704b48b632577de865510b0a6ec70_1610536191.jpg,https://dkstatics-public.digikala.com/digikala-products/a728654beae3fa988921fd8054c45cc3cff28f02_1610536192.jpg,https://dkstatics-public.digikala.com/digikala-products/8d73fbd75503e65552335498d0fade4be8ecbaf1_1610536193.jpg,https://dkstatics-public.digikala.com/digikala-products/765efaa039520d6c799437325d104d1b49c0de3a_1610536194.jpg,https://dkstatics-public.digikala.com/digikala-products/7837af085a2669540d12583c9ed17ac7d044e189_1610536195.jpg,https://dkstatics-public.digikala.com/digikala-products/18b97c32d2ffeec0e7ea26064362035a08b7630b_1610536196.jpg,[],[],[],[],8290000,4970000,[],[]
4168962-شلوار-مردانه-ال-سی-وایکیکی-مدل-8s0795z8-309?size_id=6604,https://www.digistyle.com/product/4168962-شلوار-مردانه-ال-سی-وایکیکی-مدل-8s0795z8-309?size_id=6604,https://dkstatics-public.digikala.com/digikala-products/23ff8fd3413704b48b632577de865510b0a6ec70_1610536191.jpg,https://dkstatics-public.digikala.com/digikala-products/a728654beae3fa988921fd8054c45cc3cff28f02_1610536192.jpg,https://dkstatics-public.digikala.com/digikala-products/8d73fbd75503e65552335498d0fade4be8ecbaf1_1610536193.jpg,https://dkstatics-public.digikala.com/digikala-products/765efaa039520d6c799437325d104d1b49c0de3a_1610536194.jpg,https://dkstatics-public.digikala.com/digikala-products/7837af085a2669540d12583c9ed17ac7d044e189_1610536195.jpg,https://dkstatics-public.digikala.com/digikala-products/18b97c32d2ffeec0e7ea26064362035a08b7630b_1610536196.jpg,[],[],[],[],8290000,4970000,[],[]
4168962-شلوار-مردانه-ال-سی-وایکیکی-مدل-8s0795z8-309?size_id=8466,https://www.digistyle.com/product/4168962-شلوار-مردانه-ال-سی-وایکیکی-مدل-8s0795z8-309?size_id=8466,https://dkstatics-public.digikala.com/digikala-products/23ff8fd3413704b48b632577de865510b0a6ec70_1610536191.jpg,https://dkstatics-public.digikala.com/digikala-products/a728654beae3fa988921fd8054c45cc3cff28f02_1610536192.jpg,https://dkstatics-public.digikala.com/digikala-products/8d73fbd75503e65552335498d0fade4be8ecbaf1_1610536193.jpg,https://dkstatics-public.digikala.com/digikala-products/765efaa039520d6c799437325d104d1b49c0de3a_1610536194.jpg,https://dkstatics-public.digikala.com/digikala-products/7837af085a2669540d12583c9ed17ac7d044e189_1610536195.jpg,https://dkstatics-public.digikala.com/digikala-products/18b97c32d2ffeec0e7ea26064362035a08b7630b_1610536196.jpg,[],[],[],[],8290000,4970000,[],[]
4168962-شلوار-مردانه-ال-سی-وایکیکی-مدل-8s0795z8-309,https://www.digistyle.com/product/4168962-شلوار-مردانه-ال-سی-وایکیکی-مدل-8s0795z8-309,https://dkstatics-public.digikala.com/digikala-products/23ff8fd3413704b48b632577de865510b0a6ec70_1610536191.jpg,https://dkstatics-public.digikala.com/digikala-products/a728654beae3fa988921fd8054c45cc3cff28f02_1610536192.jpg,https://dkstatics-public.digikala.com/digikala-products/8d73fbd75503e65552335498d0fade4be8ecbaf1_1610536193.jpg,https://dkstatics-public.digikala.com/digikala-products/765efaa039520d6c799437325d104d1b49c0de3a_1610536194.jpg,https://dkstatics-public.digikala.com/digikala-products/7837af085a2669540d12583c9ed17ac7d044e189_1610536195.jpg,https://dkstatics-public.digikala.com/digikala-products/18b97c32d2ffeec0e7ea26064362035a08b7630b_1610536196.jpg,[],[],[],[],8290000,4970000,[],[]
2209187-شلوار-مردانه-اسپرینگ-فیلد-مدل-0392588-33,https://www.digistyle.com/product/2209187-شلوار-مردانه-اسپرینگ-فیلد-مدل-0392588-33,https://dkstatics-public.digikala.com/digikala-products/114345496.jpg,[],[],[],[],[],[],[],[],[],3490000,2270000,[],[]
2209187-شلوار-مردانه-اسپرینگ-فیلد-مدل-0392588-33,https://www.digistyle.com/product/2209187-شلوار-مردانه-اسپرینگ-فیلد-مدل-0392588-33,https://dkstatics-public.digikala.com/digikala-products/114345496.jpg,[],[],[],[],[],[],[],[],[],3490000,2270000,[],[]
4170890-شلوار-مردانه-کوتون-مدل-8yam45092kw-999,https://www.digistyle.com/product/4170890-شلوار-مردانه-کوتون-مدل-8yam45092kw-999,https://dkstatics-public.digikala.com/digikala-products/9b91625be55b55b69a2c8e1ab94f351dadcf6d71_1610535175.jpg,https://dkstatics-public.digikala.com/digikala-products/cae98dbf5dd2e3c2fbeff5fec4c0ca4b01d76fe2_1610535176.jpg,https://dkstatics-public.digikala.com/digikala-products/e9dd5e7c294f8a58c90a849ea69efbd32069646f_1610535177.jpg,https://dkstatics-public.digikala.com/digikala-products/bbfd4158effc644ddf5669b79ed3b22cb10433c1_1610535179.jpg,https://dkstatics-public.digikala.com/digikala-products/70a197d286c48c49567a2dbdecce1f2fba5a52af_1610535180.jpg,https://dkstatics-public.digikala.com/digikala-products/d83e44b24b1aba41c111864733a3c66f2e668bd4_1610535181.jpg,[],[],[],[],5900000,3540000,[],[]
4170890-شلوار-مردانه-کوتون-مدل-8yam45092kw-999?size_id=8427,https://www.digistyle.com/product/4170890-شلوار-مردانه-کوتون-مدل-8yam45092kw-999?size_id=8427,https://dkstatics-public.digikala.com/digikala-products/9b91625be55b55b69a2c8e1ab94f351dadcf6d71_1610535175.jpg,https://dkstatics-public.digikala.com/digikala-products/cae98dbf5dd2e3c2fbeff5fec4c0ca4b01d76fe2_1610535176.jpg,https://dkstatics-public.digikala.com/digikala-products/e9dd5e7c294f8a58c90a849ea69efbd32069646f_1610535177.jpg,https://dkstatics-public.digikala.com/digikala-products/bbfd4158effc644ddf5669b79ed3b22cb10433c1_1610535179.jpg,https://dkstatics-public.digikala.com/digikala-products/70a197d286c48c49567a2dbdecce1f2fba5a52af_1610535180.jpg,https://dkstatics-public.digikala.com/digikala-products/d83e44b24b1aba41c111864733a3c66f2e668bd4_1610535181.jpg,[],[],[],[],5900000,3540000,[],[]
4170890-شلوار-مردانه-کوتون-مدل-8yam45092kw-999,https://www.digistyle.com/product/4170890-شلوار-مردانه-کوتون-مدل-8yam45092kw-999,https://dkstatics-public.digikala.com/digikala-products/9b91625be55b55b69a2c8e1ab94f351dadcf6d71_1610535175.jpg,https://dkstatics-public.digikala.com/digikala-products/cae98dbf5dd2e3c2fbeff5fec4c0ca4b01d76fe2_1610535176.jpg,https://dkstatics-public.digikala.com/digikala-products/e9dd5e7c294f8a58c90a849ea69efbd32069646f_1610535177.jpg,https://dkstatics-public.digikala.com/digikala-products/bbfd4158effc644ddf5669b79ed3b22cb10433c1_1610535179.jpg,https://dkstatics-public.digikala.com/digikala-products/70a197d286c48c49567a2dbdecce1f2fba5a52af_1610535180.jpg,https://dkstatics-public.digikala.com/digikala-products/d83e44b24b1aba41c111864733a3c66f2e668bd4_1610535181.jpg,[],[],[],[],5900000,3540000,[],[]
2611440-شلوار-مردانه-کد-r-gh-852,https://www.digistyle.com/product/2611440-شلوار-مردانه-کد-r-gh-852,https://dkstatics-public.digikala.com/digikala-products/120087024.jpg,https://dkstatics-public.digikala.com/digikala-products/120087028.jpg,https://dkstatics-public.digikala.com/digikala-products/120087030.jpg,https://dkstatics-public.digikala.com/digikala-products/120087033.jpg,[],[],[],[],[],[],950000,270000,[],[]
2611440-شلوار-مردانه-کد-r-gh-852?size_id=2584,https://www.digistyle.com/product/2611440-شلوار-مردانه-کد-r-gh-852?size_id=2584,https://dkstatics-public.digikala.com/digikala-products/120087024.jpg,https://dkstatics-public.digikala.com/digikala-products/120087028.jpg,https://dkstatics-public.digikala.com/digikala-products/120087030.jpg,https://dkstatics-public.digikala.com/digikala-products/120087033.jpg,[],[],[],[],[],[],950000,270000,[],[]
2611440-شلوار-مردانه-کد-r-gh-852?size_id=2585,https://www.digistyle.com/product/2611440-شلوار-مردانه-کد-r-gh-852?size_id=2585,https://dkstatics-public.digikala.com/digikala-products/120087024.jpg,https://dkstatics-public.digikala.com/digikala-products/120087028.jpg,https://dkstatics-public.digikala.com/digikala-products/120087030.jpg,https://dkstatics-public.digikala.com/digikala-products/120087033.jpg,[],[],[],[],[],[],950000,270000,[],[]
2611440-شلوار-مردانه-کد-r-gh-852?size_id=2636,https://www.digistyle.com/product/2611440-شلوار-مردانه-کد-r-gh-852?size_id=2636,https://dkstatics-public.digikala.com/digikala-products/120087024.jpg,https://dkstatics-public.digikala.com/digikala-products/120087028.jpg,https://dkstatics-public.digikala.com/digikala-products/120087030.jpg,https://dkstatics-public.digikala.com/digikala-products/120087033.jpg,[],[],[],[],[],[],950000,270000,[],[]
2611440-شلوار-مردانه-کد-r-gh-852?size_id=2637,https://www.digistyle.com/product/2611440-شلوار-مردانه-کد-r-gh-852?size_id=2637,https://dkstatics-public.digikala.com/digikala-products/120087024.jpg,https://dkstatics-public.digikala.com/digikala-products/120087028.jpg,https://dkstatics-public.digikala.com/digikala-products/120087030.jpg,https://dkstatics-public.digikala.com/digikala-products/120087033.jpg,[],[],[],[],[],[],950000,270000,[],[]
2611440-شلوار-مردانه-کد-r-gh-852?size_id=408,https://www.digistyle.com/product/2611440-شلوار-مردانه-کد-r-gh-852?size_id=408,https://dkstatics-public.digikala.com/digikala-products/120087024.jpg,https://dkstatics-public.digikala.com/digikala-products/120087028.jpg,https://dkstatics-public.digikala.com/digikala-products/120087030.jpg,https://dkstatics-public.digikala.com/digikala-products/120087033.jpg,[],[],[],[],[],[],950000,270000,[],[]
2611440-شلوار-مردانه-کد-r-gh-852?size_id=409,https://www.digistyle.com/product/2611440-شلوار-مردانه-کد-r-gh-852?size_id=409,https://dkstatics-public.digikala.com/digikala-products/120087024.jpg,https://dkstatics-public.digikala.com/digikala-products/120087028.jpg,https://dkstatics-public.digikala.com/digikala-products/120087030.jpg,https://dkstatics-public.digikala.com/digikala-products/120087033.jpg,[],[],[],[],[],[],950000,270000,[],[]
2611440-شلوار-مردانه-کد-r-gh-852?size_id=2731,https://www.digistyle.com/product/2611440-شلوار-مردانه-کد-r-gh-852?size_id=2731,https://dkstatics-public.digikala.com/digikala-products/120087024.jpg,https://dkstatics-public.digikala.com/digikala-products/120087028.jpg,https://dkstatics-public.digikala.com/digikala-products/120087030.jpg,https://dkstatics-public.digikala.com/digikala-products/120087033.jpg,[],[],[],[],[],[],950000,270000,[],[]
2611440-شلوار-مردانه-کد-r-gh-852,https://www.digistyle.com/product/2611440-شلوار-مردانه-کد-r-gh-852,https://dkstatics-public.digikala.com/digikala-products/120087024.jpg,https://dkstatics-public.digikala.com/digikala-products/120087028.jpg,https://dkstatics-public.digikala.com/digikala-products/120087030.jpg,https://dkstatics-public.digikala.com/digikala-products/120087033.jpg,[],[],[],[],[],[],950000,270000,[],[]
4167711-شلوار-مردانه-ال-سی-وایکیکی-مدل-8s0348z8-dye,https://www.digistyle.com/product/4167711-شلوار-مردانه-ال-سی-وایکیکی-مدل-8s0348z8-dye,https://dkstatics-public.digikala.com/digikala-products/a68c59a7876288926803e6b4edb92cffae703218_1610526899.jpg,https://dkstatics-public.digikala.com/digikala-products/fc81f361f4c393c215f8be03dd613cd8ab580f94_1610526897.jpg,https://dkstatics-public.digikala.com/digikala-products/55109e1f18acf865201c5843d82e70284f4cbdb7_1610526901.jpg,https://dkstatics-public.digikala.com/digikala-products/88bcad39de471aa3852e8d76cc064318a2062c85_1610526902.jpg,https://dkstatics-public.digikala.com/digikala-products/01bd7d0c765f3cdaa0c9d3f4271e4d271028a7c9_1610526903.jpg,https://dkstatics-public.digikala.com/digikala-products/1b737bb519a384b3ebbed2c5de13b78254f9e9df_1610526906.jpg,[],[],[],[],7690000,[],[],[]
4167711-شلوار-مردانه-ال-سی-وایکیکی-مدل-8s0348z8-dye?size_id=11836,https://www.digistyle.com/product/4167711-شلوار-مردانه-ال-سی-وایکیکی-مدل-8s0348z8-dye?size_id=11836,https://dkstatics-public.digikala.com/digikala-products/a68c59a7876288926803e6b4edb92cffae703218_1610526899.jpg,https://dkstatics-public.digikala.com/digikala-products/fc81f361f4c393c215f8be03dd613cd8ab580f94_1610526897.jpg,https://dkstatics-public.digikala.com/digikala-products/55109e1f18acf865201c5843d82e70284f4cbdb7_1610526901.jpg,https://dkstatics-public.digikala.com/digikala-products/88bcad39de471aa3852e8d76cc064318a2062c85_1610526902.jpg,https://dkstatics-public.digikala.com/digikala-products/01bd7d0c765f3cdaa0c9d3f4271e4d271028a7c9_1610526903.jpg,https://dkstatics-public.digikala.com/digikala-products/1b737bb519a384b3ebbed2c5de13b78254f9e9df_1610526906.jpg,[],[],[],[],7690000,[],[],[]
4167711-شلوار-مردانه-ال-سی-وایکیکی-مدل-8s0348z8-dye?size_id=10733,https://www.digistyle.com/product/4167711-شلوار-مردانه-ال-سی-وایکیکی-مدل-8s0348z8-dye?size_id=10733,https://dkstatics-public.digikala.com/digikala-products/a68c59a7876288926803e6b4edb92cffae703218_1610526899.jpg,https://dkstatics-public.digikala.com/digikala-products/fc81f361f4c393c215f8be03dd613cd8ab580f94_1610526897.jpg,https://dkstatics-public.digikala.com/digikala-products/55109e1f18acf865201c5843d82e70284f4cbdb7_1610526901.jpg,https://dkstatics-public.digikala.com/digikala-products/88bcad39de471aa3852e8d76cc064318a2062c85_1610526902.jpg,https://dkstatics-public.digikala.com/digikala-products/01bd7d0c765f3cdaa0c9d3f4271e4d271028a7c9_1610526903.jpg,https://dkstatics-public.digikala.com/digikala-products/1b737bb519a384b3ebbed2c5de13b78254f9e9df_1610526906.jpg,[],[],[],[],7690000,[],[],[]
4167711-شلوار-مردانه-ال-سی-وایکیکی-مدل-8s0348z8-dye?size_id=10753,https://www.digistyle.com/product/4167711-شلوار-مردانه-ال-سی-وایکیکی-مدل-8s0348z8-dye?size_id=10753,https://dkstatics-public.digikala.com/digikala-products/a68c59a7876288926803e6b4edb92cffae703218_1610526899.jpg,https://dkstatics-public.digikala.com/digikala-products/fc81f361f4c393c215f8be03dd613cd8ab580f94_1610526897.jpg,https://dkstatics-public.digikala.com/digikala-products/55109e1f18acf865201c5843d82e70284f4cbdb7_1610526901.jpg,https://dkstatics-public.digikala.com/digikala-products/88bcad39de471aa3852e8d76cc064318a2062c85_1610526902.jpg,https://dkstatics-public.digikala.com/digikala-products/01bd7d0c765f3cdaa0c9d3f4271e4d271028a7c9_1610526903.jpg,https://dkstatics-public.digikala.com/digikala-products/1b737bb519a384b3ebbed2c5de13b78254f9e9df_1610526906.jpg,[],[],[],[],7690000,[],[],[]
4167711-شلوار-مردانه-ال-سی-وایکیکی-مدل-8s0348z8-dye?size_id=10766,https://www.digistyle.com/product/4167711-شلوار-مردانه-ال-سی-وایکیکی-مدل-8s0348z8-dye?size_id=10766,https://dkstatics-public.digikala.com/digikala-products/a68c59a7876288926803e6b4edb92cffae703218_1610526899.jpg,https://dkstatics-public.digikala.com/digikala-products/fc81f361f4c393c215f8be03dd613cd8ab580f94_1610526897.jpg,https://dkstatics-public.digikala.com/digikala-products/55109e1f18acf865201c5843d82e70284f4cbdb7_1610526901.jpg,https://dkstatics-public.digikala.com/digikala-products/88bcad39de471aa3852e8d76cc064318a2062c85_1610526902.jpg,https://dkstatics-public.digikala.com/digikala-products/01bd7d0c765f3cdaa0c9d3f4271e4d271028a7c9_1610526903.jpg,https://dkstatics-public.digikala.com/digikala-products/1b737bb519a384b3ebbed2c5de13b78254f9e9df_1610526906.jpg,[],[],[],[],7690000,[],[],[]
4167711-شلوار-مردانه-ال-سی-وایکیکی-مدل-8s0348z8-dye,https://www.digistyle.com/product/4167711-شلوار-مردانه-ال-سی-وایکیکی-مدل-8s0348z8-dye,https://dkstatics-public.digikala.com/digikala-products/a68c59a7876288926803e6b4edb92cffae703218_1610526899.jpg,https://dkstatics-public.digikala.com/digikala-products/fc81f361f4c393c215f8be03dd613cd8ab580f94_1610526897.jpg,https://dkstatics-public.digikala.com/digikala-products/55109e1f18acf865201c5843d82e70284f4cbdb7_1610526901.jpg,https://dkstatics-public.digikala.com/digikala-products/88bcad39de471aa3852e8d76cc064318a2062c85_1610526902.jpg,https://dkstatics-public.digikala.com/digikala-products/01bd7d0c765f3cdaa0c9d3f4271e4d271028a7c9_1610526903.jpg,https://dkstatics-public.digikala.com/digikala-products/1b737bb519a384b3ebbed2c5de13b78254f9e9df_1610526906.jpg,[],[],[],[],7690000,[],[],[]
4171343-شلوار-مردانه-ال-سی-وایکیکی-مدل-8s2434z8-e5x,https://www.digistyle.com/product/4171343-شلوار-مردانه-ال-سی-وایکیکی-مدل-8s2434z8-e5x,https://dkstatics-public.digikala.com/digikala-products/111497bd18372cbaf04a0aa2d090ae45bb51f42f_1610286544.jpg,https://dkstatics-public.digikala.com/digikala-products/fb72128a7cc083b498c417d084b712b2362e06ef_1610286541.jpg,https://dkstatics-public.digikala.com/digikala-products/c6b2f327a88afbca25651c90de0c099262ba3e91_1610286545.jpg,https://dkstatics-public.digikala.com/digikala-products/f28d3ad4d69cab3eb65d4d83700f3ed78526d4e7_1610286546.jpg,https://dkstatics-public.digikala.com/digikala-products/03cbdc0fe9d871cb4af9c052751b43e42117df2f_1610286547.jpg,https://dkstatics-public.digikala.com/digikala-products/40551e57abafdf3f311b8db2b6d9d0401d43f712_1610286548.jpg,[],[],[],[],7690000,[],[],[]
4171343-شلوار-مردانه-ال-سی-وایکیکی-مدل-8s2434z8-e5x?size_id=2870,https://www.digistyle.com/product/4171343-شلوار-مردانه-ال-سی-وایکیکی-مدل-8s2434z8-e5x?size_id=2870,https://dkstatics-public.digikala.com/digikala-products/111497bd18372cbaf04a0aa2d090ae45bb51f42f_1610286544.jpg,https://dkstatics-public.digikala.com/digikala-products/fb72128a7cc083b498c417d084b712b2362e06ef_1610286541.jpg,https://dkstatics-public.digikala.com/digikala-products/c6b2f327a88afbca25651c90de0c099262ba3e91_1610286545.jpg,https://dkstatics-public.digikala.com/digikala-products/f28d3ad4d69cab3eb65d4d83700f3ed78526d4e7_1610286546.jpg,https://dkstatics-public.digikala.com/digikala-products/03cbdc0fe9d871cb4af9c052751b43e42117df2f_1610286547.jpg,https://dkstatics-public.digikala.com/digikala-products/40551e57abafdf3f311b8db2b6d9d0401d43f712_1610286548.jpg,[],[],[],[],7690000,[],[],[]
4171343-شلوار-مردانه-ال-سی-وایکیکی-مدل-8s2434z8-e5x?size_id=2586,https://www.digistyle.com/product/4171343-شلوار-مردانه-ال-سی-وایکیکی-مدل-8s2434z8-e5x?size_id=2586,https://dkstatics-public.digikala.com/digikala-products/111497bd18372cbaf04a0aa2d090ae45bb51f42f_1610286544.jpg,https://dkstatics-public.digikala.com/digikala-products/fb72128a7cc083b498c417d084b712b2362e06ef_1610286541.jpg,https://dkstatics-public.digikala.com/digikala-products/c6b2f327a88afbca25651c90de0c099262ba3e91_1610286545.jpg,https://dkstatics-public.digikala.com/digikala-products/f28d3ad4d69cab3eb65d4d83700f3ed78526d4e7_1610286546.jpg,https://dkstatics-public.digikala.com/digikala-products/03cbdc0fe9d871cb4af9c052751b43e42117df2f_1610286547.jpg,https://dkstatics-public.digikala.com/digikala-products/40551e57abafdf3f311b8db2b6d9d0401d43f712_1610286548.jpg,[],[],[],[],7690000,[],[],[]
4171343-شلوار-مردانه-ال-سی-وایکیکی-مدل-8s2434z8-e5x,https://www.digistyle.com/product/4171343-شلوار-مردانه-ال-سی-وایکیکی-مدل-8s2434z8-e5x,https://dkstatics-public.digikala.com/digikala-products/111497bd18372cbaf04a0aa2d090ae45bb51f42f_1610286544.jpg,https://dkstatics-public.digikala.com/digikala-products/fb72128a7cc083b498c417d084b712b2362e06ef_1610286541.jpg,https://dkstatics-public.digikala.com/digikala-products/c6b2f327a88afbca25651c90de0c099262ba3e91_1610286545.jpg,https://dkstatics-public.digikala.com/digikala-products/f28d3ad4d69cab3eb65d4d83700f3ed78526d4e7_1610286546.jpg,https://dkstatics-public.digikala.com/digikala-products/03cbdc0fe9d871cb4af9c052751b43e42117df2f_1610286547.jpg,https://dkstatics-public.digikala.com/digikala-products/40551e57abafdf3f311b8db2b6d9d0401d43f712_1610286548.jpg,[],[],[],[],7690000,[],[],[]
3396772-شلوار-مردانه-کد-tro-fab-15e,https://www.digistyle.com/product/3396772-شلوار-مردانه-کد-tro-fab-15e,https://dkstatics-public.digikala.com/digikala-products/b311ce892ad4641584e7abb94a8dff8cebfef601_1600108315.jpg,https://dkstatics-public.digikala.com/digikala-products/5f6531d079923fc945591725d41b2b4955c256e8_1617602612.jpg,https://dkstatics-public.digikala.com/digikala-products/942137ea95ba3c3a5888894366cc91e56891f1bf_1600108273.jpg,https://dkstatics-public.digikala.com/digikala-products/dd521f1430b57b3e37460a021fbfe09015bd2661_1600108294.jpg,https://dkstatics-public.digikala.com/digikala-products/4d3a9914e309effbd694ccf9daa52e5067321581_1600108304.jpg,[],[],[],[],[],2100000,710000,[],[]
3396772-شلوار-مردانه-کد-tro-fab-15e?size_id=2584,https://www.digistyle.com/product/3396772-شلوار-مردانه-کد-tro-fab-15e?size_id=2584,https://dkstatics-public.digikala.com/digikala-products/b311ce892ad4641584e7abb94a8dff8cebfef601_1600108315.jpg,https://dkstatics-public.digikala.com/digikala-products/5f6531d079923fc945591725d41b2b4955c256e8_1617602612.jpg,https://dkstatics-public.digikala.com/digikala-products/942137ea95ba3c3a5888894366cc91e56891f1bf_1600108273.jpg,https://dkstatics-public.digikala.com/digikala-products/dd521f1430b57b3e37460a021fbfe09015bd2661_1600108294.jpg,https://dkstatics-public.digikala.com/digikala-products/4d3a9914e309effbd694ccf9daa52e5067321581_1600108304.jpg,[],[],[],[],[],2100000,710000,[],[]
3396772-شلوار-مردانه-کد-tro-fab-15e?size_id=2585,https://www.digistyle.com/product/3396772-شلوار-مردانه-کد-tro-fab-15e?size_id=2585,https://dkstatics-public.digikala.com/digikala-products/b311ce892ad4641584e7abb94a8dff8cebfef601_1600108315.jpg,https://dkstatics-public.digikala.com/digikala-products/5f6531d079923fc945591725d41b2b4955c256e8_1617602612.jpg,https://dkstatics-public.digikala.com/digikala-products/942137ea95ba3c3a5888894366cc91e56891f1bf_1600108273.jpg,https://dkstatics-public.digikala.com/digikala-products/dd521f1430b57b3e37460a021fbfe09015bd2661_1600108294.jpg,https://dkstatics-public.digikala.com/digikala-products/4d3a9914e309effbd694ccf9daa52e5067321581_1600108304.jpg,[],[],[],[],[],2100000,710000,[],[]
3396772-شلوار-مردانه-کد-tro-fab-15e?size_id=2636,https://www.digistyle.com/product/3396772-شلوار-مردانه-کد-tro-fab-15e?size_id=2636,https://dkstatics-public.digikala.com/digikala-products/b311ce892ad4641584e7abb94a8dff8cebfef601_1600108315.jpg,https://dkstatics-public.digikala.com/digikala-products/5f6531d079923fc945591725d41b2b4955c256e8_1617602612.jpg,https://dkstatics-public.digikala.com/digikala-products/942137ea95ba3c3a5888894366cc91e56891f1bf_1600108273.jpg,https://dkstatics-public.digikala.com/digikala-products/dd521f1430b57b3e37460a021fbfe09015bd2661_1600108294.jpg,https://dkstatics-public.digikala.com/digikala-products/4d3a9914e309effbd694ccf9daa52e5067321581_1600108304.jpg,[],[],[],[],[],2100000,710000,[],[]
3396772-شلوار-مردانه-کد-tro-fab-15e?size_id=2637,https://www.digistyle.com/product/3396772-شلوار-مردانه-کد-tro-fab-15e?size_id=2637,https://dkstatics-public.digikala.com/digikala-products/b311ce892ad4641584e7abb94a8dff8cebfef601_1600108315.jpg,https://dkstatics-public.digikala.com/digikala-products/5f6531d079923fc945591725d41b2b4955c256e8_1617602612.jpg,https://dkstatics-public.digikala.com/digikala-products/942137ea95ba3c3a5888894366cc91e56891f1bf_1600108273.jpg,https://dkstatics-public.digikala.com/digikala-products/dd521f1430b57b3e37460a021fbfe09015bd2661_1600108294.jpg,https://dkstatics-public.digikala.com/digikala-products/4d3a9914e309effbd694ccf9daa52e5067321581_1600108304.jpg,[],[],[],[],[],2100000,710000,[],[]
3396772-شلوار-مردانه-کد-tro-fab-15e?size_id=408,https://www.digistyle.com/product/3396772-شلوار-مردانه-کد-tro-fab-15e?size_id=408,https://dkstatics-public.digikala.com/digikala-products/b311ce892ad4641584e7abb94a8dff8cebfef601_1600108315.jpg,https://dkstatics-public.digikala.com/digikala-products/5f6531d079923fc945591725d41b2b4955c256e8_1617602612.jpg,https://dkstatics-public.digikala.com/digikala-products/942137ea95ba3c3a5888894366cc91e56891f1bf_1600108273.jpg,https://dkstatics-public.digikala.com/digikala-products/dd521f1430b57b3e37460a021fbfe09015bd2661_1600108294.jpg,https://dkstatics-public.digikala.com/digikala-products/4d3a9914e309effbd694ccf9daa52e5067321581_1600108304.jpg,[],[],[],[],[],2100000,710000,[],[]
3396772-شلوار-مردانه-کد-tro-fab-15e?size_id=409,https://www.digistyle.com/product/3396772-شلوار-مردانه-کد-tro-fab-15e?size_id=409,https://dkstatics-public.digikala.com/digikala-products/b311ce892ad4641584e7abb94a8dff8cebfef601_1600108315.jpg,https://dkstatics-public.digikala.com/digikala-products/5f6531d079923fc945591725d41b2b4955c256e8_1617602612.jpg,https://dkstatics-public.digikala.com/digikala-products/942137ea95ba3c3a5888894366cc91e56891f1bf_1600108273.jpg,https://dkstatics-public.digikala.com/digikala-products/dd521f1430b57b3e37460a021fbfe09015bd2661_1600108294.jpg,https://dkstatics-public.digikala.com/digikala-products/4d3a9914e309effbd694ccf9daa52e5067321581_1600108304.jpg,[],[],[],[],[],2100000,710000,[],[]
3396772-شلوار-مردانه-کد-tro-fab-15e,https://www.digistyle.com/product/3396772-شلوار-مردانه-کد-tro-fab-15e,https://dkstatics-public.digikala.com/digikala-products/b311ce892ad4641584e7abb94a8dff8cebfef601_1600108315.jpg,https://dkstatics-public.digikala.com/digikala-products/5f6531d079923fc945591725d41b2b4955c256e8_1617602612.jpg,https://dkstatics-public.digikala.com/digikala-products/942137ea95ba3c3a5888894366cc91e56891f1bf_1600108273.jpg,https://dkstatics-public.digikala.com/digikala-products/dd521f1430b57b3e37460a021fbfe09015bd2661_1600108294.jpg,https://dkstatics-public.digikala.com/digikala-products/4d3a9914e309effbd694ccf9daa52e5067321581_1600108304.jpg,[],[],[],[],[],2100000,710000,[],[]
3417716-شلوار-مردانه-آر-ان-اس-مدل-133036-13,https://www.digistyle.com/product/3417716-شلوار-مردانه-آر-ان-اس-مدل-133036-13,https://dkstatics-public.digikala.com/digikala-products/1af4e47b0a279359b798128c31b8d61037ac222a_1600576209.jpg,https://dkstatics-public.digikala.com/digikala-products/6b8b6113ef31e7faf3e4ddd57528310a776fe7d9_1600576208.jpg,https://dkstatics-public.digikala.com/digikala-products/2bed5ebb5dcb411fc13a563544bc1e8b073deb32_1600576210.jpg,https://dkstatics-public.digikala.com/digikala-products/c60d9e8b314294b4cc2a61914cea1e411cbbfeac_1600576211.jpg,https://dkstatics-public.digikala.com/digikala-products/e29d6002f433d552fb9f07e213c877fcde2f9195_1600576212.jpg,https://dkstatics-public.digikala.com/digikala-products/8bce6a320a835427bf8f5909c442dee99e0b3ddf_1600576214.jpg,[],[],[],[],4490000,2690000,[],[]
3417716-شلوار-مردانه-آر-ان-اس-مدل-133036-13?size_id=2585,https://www.digistyle.com/product/3417716-شلوار-مردانه-آر-ان-اس-مدل-133036-13?size_id=2585,https://dkstatics-public.digikala.com/digikala-products/1af4e47b0a279359b798128c31b8d61037ac222a_1600576209.jpg,https://dkstatics-public.digikala.com/digikala-products/6b8b6113ef31e7faf3e4ddd57528310a776fe7d9_1600576208.jpg,https://dkstatics-public.digikala.com/digikala-products/2bed5ebb5dcb411fc13a563544bc1e8b073deb32_1600576210.jpg,https://dkstatics-public.digikala.com/digikala-products/c60d9e8b314294b4cc2a61914cea1e411cbbfeac_1600576211.jpg,https://dkstatics-public.digikala.com/digikala-products/e29d6002f433d552fb9f07e213c877fcde2f9195_1600576212.jpg,https://dkstatics-public.digikala.com/digikala-products/8bce6a320a835427bf8f5909c442dee99e0b3ddf_1600576214.jpg,[],[],[],[],4490000,2690000,[],[]
3417716-شلوار-مردانه-آر-ان-اس-مدل-133036-13?size_id=2637,https://www.digistyle.com/product/3417716-شلوار-مردانه-آر-ان-اس-مدل-133036-13?size_id=2637,https://dkstatics-public.digikala.com/digikala-products/1af4e47b0a279359b798128c31b8d61037ac222a_1600576209.jpg,https://dkstatics-public.digikala.com/digikala-products/6b8b6113ef31e7faf3e4ddd57528310a776fe7d9_1600576208.jpg,https://dkstatics-public.digikala.com/digikala-products/2bed5ebb5dcb411fc13a563544bc1e8b073deb32_1600576210.jpg,https://dkstatics-public.digikala.com/digikala-products/c60d9e8b314294b4cc2a61914cea1e411cbbfeac_1600576211.jpg,https://dkstatics-public.digikala.com/digikala-products/e29d6002f433d552fb9f07e213c877fcde2f9195_1600576212.jpg,https://dkstatics-public.digikala.com/digikala-products/8bce6a320a835427bf8f5909c442dee99e0b3ddf_1600576214.jpg,[],[],[],[],4490000,2690000,[],[]
3417716-شلوار-مردانه-آر-ان-اس-مدل-133036-13?size_id=409,https://www.digistyle.com/product/3417716-شلوار-مردانه-آر-ان-اس-مدل-133036-13?size_id=409,https://dkstatics-public.digikala.com/digikala-products/1af4e47b0a279359b798128c31b8d61037ac222a_1600576209.jpg,https://dkstatics-public.digikala.com/digikala-products/6b8b6113ef31e7faf3e4ddd57528310a776fe7d9_1600576208.jpg,https://dkstatics-public.digikala.com/digikala-products/2bed5ebb5dcb411fc13a563544bc1e8b073deb32_1600576210.jpg,https://dkstatics-public.digikala.com/digikala-products/c60d9e8b314294b4cc2a61914cea1e411cbbfeac_1600576211.jpg,https://dkstatics-public.digikala.com/digikala-products/e29d6002f433d552fb9f07e213c877fcde2f9195_1600576212.jpg,https://dkstatics-public.digikala.com/digikala-products/8bce6a320a835427bf8f5909c442dee99e0b3ddf_1600576214.jpg,[],[],[],[],4490000,2690000,[],[]
3417716-شلوار-مردانه-آر-ان-اس-مدل-133036-13?size_id=408,https://www.digistyle.com/product/3417716-شلوار-مردانه-آر-ان-اس-مدل-133036-13?size_id=408,https://dkstatics-public.digikala.com/digikala-products/1af4e47b0a279359b798128c31b8d61037ac222a_1600576209.jpg,https://dkstatics-public.digikala.com/digikala-products/6b8b6113ef31e7faf3e4ddd57528310a776fe7d9_1600576208.jpg,https://dkstatics-public.digikala.com/digikala-products/2bed5ebb5dcb411fc13a563544bc1e8b073deb32_1600576210.jpg,https://dkstatics-public.digikala.com/digikala-products/c60d9e8b314294b4cc2a61914cea1e411cbbfeac_1600576211.jpg,https://dkstatics-public.digikala.com/digikala-products/e29d6002f433d552fb9f07e213c877fcde2f9195_1600576212.jpg,https://dkstatics-public.digikala.com/digikala-products/8bce6a320a835427bf8f5909c442dee99e0b3ddf_1600576214.jpg,[],[],[],[],4490000,2690000,[],[]
3417716-شلوار-مردانه-آر-ان-اس-مدل-133036-13,https://www.digistyle.com/product/3417716-شلوار-مردانه-آر-ان-اس-مدل-133036-13,https://dkstatics-public.digikala.com/digikala-products/1af4e47b0a279359b798128c31b8d61037ac222a_1600576209.jpg,https://dkstatics-public.digikala.com/digikala-products/6b8b6113ef31e7faf3e4ddd57528310a776fe7d9_1600576208.jpg,https://dkstatics-public.digikala.com/digikala-products/2bed5ebb5dcb411fc13a563544bc1e8b073deb32_1600576210.jpg,https://dkstatics-public.digikala.com/digikala-products/c60d9e8b314294b4cc2a61914cea1e411cbbfeac_1600576211.jpg,https://dkstatics-public.digikala.com/digikala-products/e29d6002f433d552fb9f07e213c877fcde2f9195_1600576212.jpg,https://dkstatics-public.digikala.com/digikala-products/8bce6a320a835427bf8f5909c442dee99e0b3ddf_1600576214.jpg,[],[],[],[],4490000,2690000,[],[]
4524402-شلوار-مردانه-کیکی-رایکی-مدل-mbb3364-094,https://www.digistyle.com/product/4524402-شلوار-مردانه-کیکی-رایکی-مدل-mbb3364-094,https://dkstatics-public.digikala.com/digikala-products/1650940c628af883b79fbd62875df6cfd1dd0cca_1614406278.jpg,https://dkstatics-public.digikala.com/digikala-products/ccfc6ab34c8d7318ed4e515aa642025ae79f1cd1_1614406279.jpg,https://dkstatics-public.digikala.com/digikala-products/eaa527aefe475da74be9a2140c911eb8d098f5e3_1614406280.jpg,https://dkstatics-public.digikala.com/digikala-products/305dec4af9b6ffee7b103e4b630eff477ab40f72_1614406281.jpg,https://dkstatics-public.digikala.com/digikala-products/ff8baa57a1f7b20e75844649c778fe00ead1f6e9_1614406282.jpg,https://dkstatics-public.digikala.com/digikala-products/06cbd8e2850bbfc9fd71c66f14bcf8ca04eec9b8_1614406283.jpg,https://dkstatics-public.digikala.com/digikala-products/c613a4baf8a5d5d7d8d9780c6e37c7fe6db9d07c_1618383513.jpg,[],[],[],8500000,5500000,[],[]
4524402-شلوار-مردانه-کیکی-رایکی-مدل-mbb3364-094?size_id=64,https://www.digistyle.com/product/4524402-شلوار-مردانه-کیکی-رایکی-مدل-mbb3364-094?size_id=64,https://dkstatics-public.digikala.com/digikala-products/1650940c628af883b79fbd62875df6cfd1dd0cca_1614406278.jpg,https://dkstatics-public.digikala.com/digikala-products/ccfc6ab34c8d7318ed4e515aa642025ae79f1cd1_1614406279.jpg,https://dkstatics-public.digikala.com/digikala-products/eaa527aefe475da74be9a2140c911eb8d098f5e3_1614406280.jpg,https://dkstatics-public.digikala.com/digikala-products/305dec4af9b6ffee7b103e4b630eff477ab40f72_1614406281.jpg,https://dkstatics-public.digikala.com/digikala-products/ff8baa57a1f7b20e75844649c778fe00ead1f6e9_1614406282.jpg,https://dkstatics-public.digikala.com/digikala-products/06cbd8e2850bbfc9fd71c66f14bcf8ca04eec9b8_1614406283.jpg,https://dkstatics-public.digikala.com/digikala-products/c613a4baf8a5d5d7d8d9780c6e37c7fe6db9d07c_1618383513.jpg,[],[],[],8500000,5500000,[],[]
4524402-شلوار-مردانه-کیکی-رایکی-مدل-mbb3364-094?size_id=65,https://www.digistyle.com/product/4524402-شلوار-مردانه-کیکی-رایکی-مدل-mbb3364-094?size_id=65,https://dkstatics-public.digikala.com/digikala-products/1650940c628af883b79fbd62875df6cfd1dd0cca_1614406278.jpg,https://dkstatics-public.digikala.com/digikala-products/ccfc6ab34c8d7318ed4e515aa642025ae79f1cd1_1614406279.jpg,https://dkstatics-public.digikala.com/digikala-products/eaa527aefe475da74be9a2140c911eb8d098f5e3_1614406280.jpg,https://dkstatics-public.digikala.com/digikala-products/305dec4af9b6ffee7b103e4b630eff477ab40f72_1614406281.jpg,https://dkstatics-public.digikala.com/digikala-products/ff8baa57a1f7b20e75844649c778fe00ead1f6e9_1614406282.jpg,https://dkstatics-public.digikala.com/digikala-products/06cbd8e2850bbfc9fd71c66f14bcf8ca04eec9b8_1614406283.jpg,https://dkstatics-public.digikala.com/digikala-products/c613a4baf8a5d5d7d8d9780c6e37c7fe6db9d07c_1618383513.jpg,[],[],[],8500000,5500000,[],[]
4524402-شلوار-مردانه-کیکی-رایکی-مدل-mbb3364-094?size_id=66,https://www.digistyle.com/product/4524402-شلوار-مردانه-کیکی-رایکی-مدل-mbb3364-094?size_id=66,https://dkstatics-public.digikala.com/digikala-products/1650940c628af883b79fbd62875df6cfd1dd0cca_1614406278.jpg,https://dkstatics-public.digikala.com/digikala-products/ccfc6ab34c8d7318ed4e515aa642025ae79f1cd1_1614406279.jpg,https://dkstatics-public.digikala.com/digikala-products/eaa527aefe475da74be9a2140c911eb8d098f5e3_1614406280.jpg,https://dkstatics-public.digikala.com/digikala-products/305dec4af9b6ffee7b103e4b630eff477ab40f72_1614406281.jpg,https://dkstatics-public.digikala.com/digikala-products/ff8baa57a1f7b20e75844649c778fe00ead1f6e9_1614406282.jpg,https://dkstatics-public.digikala.com/digikala-products/06cbd8e2850bbfc9fd71c66f14bcf8ca04eec9b8_1614406283.jpg,https://dkstatics-public.digikala.com/digikala-products/c613a4baf8a5d5d7d8d9780c6e37c7fe6db9d07c_1618383513.jpg,[],[],[],8500000,5500000,[],[]
4524402-شلوار-مردانه-کیکی-رایکی-مدل-mbb3364-094?size_id=67,https://www.digistyle.com/product/4524402-شلوار-مردانه-کیکی-رایکی-مدل-mbb3364-094?size_id=67,https://dkstatics-public.digikala.com/digikala-products/1650940c628af883b79fbd62875df6cfd1dd0cca_1614406278.jpg,https://dkstatics-public.digikala.com/digikala-products/ccfc6ab34c8d7318ed4e515aa642025ae79f1cd1_1614406279.jpg,https://dkstatics-public.digikala.com/digikala-products/eaa527aefe475da74be9a2140c911eb8d098f5e3_1614406280.jpg,https://dkstatics-public.digikala.com/digikala-products/305dec4af9b6ffee7b103e4b630eff477ab40f72_1614406281.jpg,https://dkstatics-public.digikala.com/digikala-products/ff8baa57a1f7b20e75844649c778fe00ead1f6e9_1614406282.jpg,https://dkstatics-public.digikala.com/digikala-products/06cbd8e2850bbfc9fd71c66f14bcf8ca04eec9b8_1614406283.jpg,https://dkstatics-public.digikala.com/digikala-products/c613a4baf8a5d5d7d8d9780c6e37c7fe6db9d07c_1618383513.jpg,[],[],[],8500000,5500000,[],[]
4524402-شلوار-مردانه-کیکی-رایکی-مدل-mbb3364-094?size_id=32690,https://www.digistyle.com/product/4524402-شلوار-مردانه-کیکی-رایکی-مدل-mbb3364-094?size_id=32690,https://dkstatics-public.digikala.com/digikala-products/1650940c628af883b79fbd62875df6cfd1dd0cca_1614406278.jpg,https://dkstatics-public.digikala.com/digikala-products/ccfc6ab34c8d7318ed4e515aa642025ae79f1cd1_1614406279.jpg,https://dkstatics-public.digikala.com/digikala-products/eaa527aefe475da74be9a2140c911eb8d098f5e3_1614406280.jpg,https://dkstatics-public.digikala.com/digikala-products/305dec4af9b6ffee7b103e4b630eff477ab40f72_1614406281.jpg,https://dkstatics-public.digikala.com/digikala-products/ff8baa57a1f7b20e75844649c778fe00ead1f6e9_1614406282.jpg,https://dkstatics-public.digikala.com/digikala-products/06cbd8e2850bbfc9fd71c66f14bcf8ca04eec9b8_1614406283.jpg,https://dkstatics-public.digikala.com/digikala-products/c613a4baf8a5d5d7d8d9780c6e37c7fe6db9d07c_1618383513.jpg,[],[],[],8500000,5500000,[],[]
4524402-شلوار-مردانه-کیکی-رایکی-مدل-mbb3364-094,https://www.digistyle.com/product/4524402-شلوار-مردانه-کیکی-رایکی-مدل-mbb3364-094,https://dkstatics-public.digikala.com/digikala-products/1650940c628af883b79fbd62875df6cfd1dd0cca_1614406278.jpg,https://dkstatics-public.digikala.com/digikala-products/ccfc6ab34c8d7318ed4e515aa642025ae79f1cd1_1614406279.jpg,https://dkstatics-public.digikala.com/digikala-products/eaa527aefe475da74be9a2140c911eb8d098f5e3_1614406280.jpg,https://dkstatics-public.digikala.com/digikala-products/305dec4af9b6ffee7b103e4b630eff477ab40f72_1614406281.jpg,https://dkstatics-public.digikala.com/digikala-products/ff8baa57a1f7b20e75844649c778fe00ead1f6e9_1614406282.jpg,https://dkstatics-public.digikala.com/digikala-products/06cbd8e2850bbfc9fd71c66f14bcf8ca04eec9b8_1614406283.jpg,https://dkstatics-public.digikala.com/digikala-products/c613a4baf8a5d5d7d8d9780c6e37c7fe6db9d07c_1618383513.jpg,[],[],[],8500000,5500000,[],[]
4532842-شلوار-مردانه-جی-تی-هوگرو-مدل-پارچه-ای-326-رنگ-طوسی-روشن,https://www.digistyle.com/product/4532842-شلوار-مردانه-جی-تی-هوگرو-مدل-پارچه-ای-326-رنگ-طوسی-روشن,https://dkstatics-public.digikala.com/digikala-products/8b7e6b7222246a43e54a7791f5dbd4e5047a5408_1614074633.jpg,https://dkstatics-public.digikala.com/digikala-products/dd0ade6dbff555ffcedd8431e3721c4ee667f5e7_1614074639.jpg,https://dkstatics-public.digikala.com/digikala-products/e27d278c9f803d404a3c9b13bdd5db40740e79f4_1614074645.jpg,https://dkstatics-public.digikala.com/digikala-products/292252d70ac3d4daedd9b34ee804158327d002c2_1614074655.jpg,https://dkstatics-public.digikala.com/digikala-products/e6c74d0feda430703315d925f7b3ec14bc6c09b3_1614074661.jpg,[],[],[],[],[],4750000,[],[],[]
4532842-شلوار-مردانه-جی-تی-هوگرو-مدل-پارچه-ای-326-رنگ-طوسی-روشن?size_id=2584,https://www.digistyle.com/product/4532842-شلوار-مردانه-جی-تی-هوگرو-مدل-پارچه-ای-326-رنگ-طوسی-روشن?size_id=2584,https://dkstatics-public.digikala.com/digikala-products/8b7e6b7222246a43e54a7791f5dbd4e5047a5408_1614074633.jpg,https://dkstatics-public.digikala.com/digikala-products/dd0ade6dbff555ffcedd8431e3721c4ee667f5e7_1614074639.jpg,https://dkstatics-public.digikala.com/digikala-products/e27d278c9f803d404a3c9b13bdd5db40740e79f4_1614074645.jpg,https://dkstatics-public.digikala.com/digikala-products/292252d70ac3d4daedd9b34ee804158327d002c2_1614074655.jpg,https://dkstatics-public.digikala.com/digikala-products/e6c74d0feda430703315d925f7b3ec14bc6c09b3_1614074661.jpg,[],[],[],[],[],4750000,[],[],[]
4532842-شلوار-مردانه-جی-تی-هوگرو-مدل-پارچه-ای-326-رنگ-طوسی-روشن?size_id=2585,https://www.digistyle.com/product/4532842-شلوار-مردانه-جی-تی-هوگرو-مدل-پارچه-ای-326-رنگ-طوسی-روشن?size_id=2585,https://dkstatics-public.digikala.com/digikala-products/8b7e6b7222246a43e54a7791f5dbd4e5047a5408_1614074633.jpg,https://dkstatics-public.digikala.com/digikala-products/dd0ade6dbff555ffcedd8431e3721c4ee667f5e7_1614074639.jpg,https://dkstatics-public.digikala.com/digikala-products/e27d278c9f803d404a3c9b13bdd5db40740e79f4_1614074645.jpg,https://dkstatics-public.digikala.com/digikala-products/292252d70ac3d4daedd9b34ee804158327d002c2_1614074655.jpg,https://dkstatics-public.digikala.com/digikala-products/e6c74d0feda430703315d925f7b3ec14bc6c09b3_1614074661.jpg,[],[],[],[],[],4750000,[],[],[]
4532842-شلوار-مردانه-جی-تی-هوگرو-مدل-پارچه-ای-326-رنگ-طوسی-روشن?size_id=2636,https://www.digistyle.com/product/4532842-شلوار-مردانه-جی-تی-هوگرو-مدل-پارچه-ای-326-رنگ-طوسی-روشن?size_id=2636,https://dkstatics-public.digikala.com/digikala-products/8b7e6b7222246a43e54a7791f5dbd4e5047a5408_1614074633.jpg,https://dkstatics-public.digikala.com/digikala-products/dd0ade6dbff555ffcedd8431e3721c4ee667f5e7_1614074639.jpg,https://dkstatics-public.digikala.com/digikala-products/e27d278c9f803d404a3c9b13bdd5db40740e79f4_1614074645.jpg,https://dkstatics-public.digikala.com/digikala-products/292252d70ac3d4daedd9b34ee804158327d002c2_1614074655.jpg,https://dkstatics-public.digikala.com/digikala-products/e6c74d0feda430703315d925f7b3ec14bc6c09b3_1614074661.jpg,[],[],[],[],[],4750000,[],[],[]
4532842-شلوار-مردانه-جی-تی-هوگرو-مدل-پارچه-ای-326-رنگ-طوسی-روشن,https://www.digistyle.com/product/4532842-شلوار-مردانه-جی-تی-هوگرو-مدل-پارچه-ای-326-رنگ-طوسی-روشن,https://dkstatics-public.digikala.com/digikala-products/8b7e6b7222246a43e54a7791f5dbd4e5047a5408_1614074633.jpg,https://dkstatics-public.digikala.com/digikala-products/dd0ade6dbff555ffcedd8431e3721c4ee667f5e7_1614074639.jpg,https://dkstatics-public.digikala.com/digikala-products/e27d278c9f803d404a3c9b13bdd5db40740e79f4_1614074645.jpg,https://dkstatics-public.digikala.com/digikala-products/292252d70ac3d4daedd9b34ee804158327d002c2_1614074655.jpg,https://dkstatics-public.digikala.com/digikala-products/e6c74d0feda430703315d925f7b3ec14bc6c09b3_1614074661.jpg,[],[],[],[],[],4750000,[],[],[]
2201996-شلوار-مردانه-کد-fs810,https://www.digistyle.com/product/2201996-شلوار-مردانه-کد-fs810,https://dkstatics-public.digikala.com/digikala-products/114304454.jpg,https://dkstatics-public.digikala.com/digikala-products/114304415.jpg,https://dkstatics-public.digikala.com/digikala-products/114304423.jpg,https://dkstatics-public.digikala.com/digikala-products/114304426.jpg,https://dkstatics-public.digikala.com/digikala-products/114304450.jpg,[],[],[],[],[],950000,170000,[],[]
2201996-شلوار-مردانه-کد-fs810?size_id=2636,https://www.digistyle.com/product/2201996-شلوار-مردانه-کد-fs810?size_id=2636,https://dkstatics-public.digikala.com/digikala-products/114304454.jpg,https://dkstatics-public.digikala.com/digikala-products/114304415.jpg,https://dkstatics-public.digikala.com/digikala-products/114304423.jpg,https://dkstatics-public.digikala.com/digikala-products/114304426.jpg,https://dkstatics-public.digikala.com/digikala-products/114304450.jpg,[],[],[],[],[],950000,170000,[],[]
2201996-شلوار-مردانه-کد-fs810?size_id=2637,https://www.digistyle.com/product/2201996-شلوار-مردانه-کد-fs810?size_id=2637,https://dkstatics-public.digikala.com/digikala-products/114304454.jpg,https://dkstatics-public.digikala.com/digikala-products/114304415.jpg,https://dkstatics-public.digikala.com/digikala-products/114304423.jpg,https://dkstatics-public.digikala.com/digikala-products/114304426.jpg,https://dkstatics-public.digikala.com/digikala-products/114304450.jpg,[],[],[],[],[],950000,170000,[],[]
2201996-شلوار-مردانه-کد-fs810?size_id=408,https://www.digistyle.com/product/2201996-شلوار-مردانه-کد-fs810?size_id=408,https://dkstatics-public.digikala.com/digikala-products/114304454.jpg,https://dkstatics-public.digikala.com/digikala-products/114304415.jpg,https://dkstatics-public.digikala.com/digikala-products/114304423.jpg,https://dkstatics-public.digikala.com/digikala-products/114304426.jpg,https://dkstatics-public.digikala.com/digikala-products/114304450.jpg,[],[],[],[],[],950000,170000,[],[]
2201996-شلوار-مردانه-کد-fs810,https://www.digistyle.com/product/2201996-شلوار-مردانه-کد-fs810,https://dkstatics-public.digikala.com/digikala-products/114304454.jpg,https://dkstatics-public.digikala.com/digikala-products/114304415.jpg,https://dkstatics-public.digikala.com/digikala-products/114304423.jpg,https://dkstatics-public.digikala.com/digikala-products/114304426.jpg,https://dkstatics-public.digikala.com/digikala-products/114304450.jpg,[],[],[],[],[],950000,170000,[],[]
2908978-شلوار-مردانه-کد-04,https://www.digistyle.com/product/2908978-شلوار-مردانه-کد-04,https://dkstatics-public.digikala.com/digikala-products/121548583.jpg,https://dkstatics-public.digikala.com/digikala-products/121548587.jpg,https://dkstatics-public.digikala.com/digikala-products/121548584.jpg,https://dkstatics-public.digikala.com/digikala-products/121548586.jpg,https://dkstatics-public.digikala.com/digikala-products/121548590.jpg,https://dkstatics-public.digikala.com/digikala-products/554950294eba295075e289ea3b33d0399ba2bcc8_1617610735.jpg,[],[],[],[],950000,200000,[],[]
2908978-شلوار-مردانه-کد-04?size_id=2584,https://www.digistyle.com/product/2908978-شلوار-مردانه-کد-04?size_id=2584,https://dkstatics-public.digikala.com/digikala-products/121548583.jpg,https://dkstatics-public.digikala.com/digikala-products/121548587.jpg,https://dkstatics-public.digikala.com/digikala-products/121548584.jpg,https://dkstatics-public.digikala.com/digikala-products/121548586.jpg,https://dkstatics-public.digikala.com/digikala-products/121548590.jpg,https://dkstatics-public.digikala.com/digikala-products/554950294eba295075e289ea3b33d0399ba2bcc8_1617610735.jpg,[],[],[],[],950000,200000,[],[]
2908978-شلوار-مردانه-کد-04,https://www.digistyle.com/product/2908978-شلوار-مردانه-کد-04,https://dkstatics-public.digikala.com/digikala-products/121548583.jpg,https://dkstatics-public.digikala.com/digikala-products/121548587.jpg,https://dkstatics-public.digikala.com/digikala-products/121548584.jpg,https://dkstatics-public.digikala.com/digikala-products/121548586.jpg,https://dkstatics-public.digikala.com/digikala-products/121548590.jpg,https://dkstatics-public.digikala.com/digikala-products/554950294eba295075e289ea3b33d0399ba2bcc8_1617610735.jpg,[],[],[],[],950000,200000,[],[]
4833957-شلوار-مردانه-پاتن-جامه-مدل-101221990214359,https://www.digistyle.com/product/4833957-شلوار-مردانه-پاتن-جامه-مدل-101221990214359,https://dkstatics-public.digikala.com/digikala-products/5f3ddea45ad54ac0c357ded4bb441be1325dd383_1617616129.jpg,https://dkstatics-public.digikala.com/digikala-products/a114e8f3b739ab47497cde4c691f215c703a2a07_1617616132.jpg,https://dkstatics-public.digikala.com/digikala-products/be132c58a3b0ad1f250f95bb8cefbf3427244ba6_1617616124.jpg,https://dkstatics-public.digikala.com/digikala-products/d5e50ff3b8694f01b0603f725fee36e7b962c6cf_1617616127.jpg,[],[],[],[],[],[],1800000,360000,[],[]
4833957-شلوار-مردانه-پاتن-جامه-مدل-101221990214359?size_id=2869,https://www.digistyle.com/product/4833957-شلوار-مردانه-پاتن-جامه-مدل-101221990214359?size_id=2869,https://dkstatics-public.digikala.com/digikala-products/5f3ddea45ad54ac0c357ded4bb441be1325dd383_1617616129.jpg,https://dkstatics-public.digikala.com/digikala-products/a114e8f3b739ab47497cde4c691f215c703a2a07_1617616132.jpg,https://dkstatics-public.digikala.com/digikala-products/be132c58a3b0ad1f250f95bb8cefbf3427244ba6_1617616124.jpg,https://dkstatics-public.digikala.com/digikala-products/d5e50ff3b8694f01b0603f725fee36e7b962c6cf_1617616127.jpg,[],[],[],[],[],[],1800000,360000,[],[]
4833957-شلوار-مردانه-پاتن-جامه-مدل-101221990214359?size_id=2871,https://www.digistyle.com/product/4833957-شلوار-مردانه-پاتن-جامه-مدل-101221990214359?size_id=2871,https://dkstatics-public.digikala.com/digikala-products/5f3ddea45ad54ac0c357ded4bb441be1325dd383_1617616129.jpg,https://dkstatics-public.digikala.com/digikala-products/a114e8f3b739ab47497cde4c691f215c703a2a07_1617616132.jpg,https://dkstatics-public.digikala.com/digikala-products/be132c58a3b0ad1f250f95bb8cefbf3427244ba6_1617616124.jpg,https://dkstatics-public.digikala.com/digikala-products/d5e50ff3b8694f01b0603f725fee36e7b962c6cf_1617616127.jpg,[],[],[],[],[],[],1800000,360000,[],[]
4833957-شلوار-مردانه-پاتن-جامه-مدل-101221990214359,https://www.digistyle.com/product/4833957-شلوار-مردانه-پاتن-جامه-مدل-101221990214359,https://dkstatics-public.digikala.com/digikala-products/5f3ddea45ad54ac0c357ded4bb441be1325dd383_1617616129.jpg,https://dkstatics-public.digikala.com/digikala-products/a114e8f3b739ab47497cde4c691f215c703a2a07_1617616132.jpg,https://dkstatics-public.digikala.com/digikala-products/be132c58a3b0ad1f250f95bb8cefbf3427244ba6_1617616124.jpg,https://dkstatics-public.digikala.com/digikala-products/d5e50ff3b8694f01b0603f725fee36e7b962c6cf_1617616127.jpg,[],[],[],[],[],[],1800000,360000,[],[]
3556320-شلوار-مردانه-آر-ان-اس-مدل-133039-59,https://www.digistyle.com/product/3556320-شلوار-مردانه-آر-ان-اس-مدل-133039-59,https://dkstatics-public.digikala.com/digikala-products/a3d1a2ef7ceee965470da8b3642cfcae4f101de7_1603027858.jpg,https://dkstatics-public.digikala.com/digikala-products/ff96ea2569a7f99afad78461bb9192d325db99a4_1617604630.jpg,https://dkstatics-public.digikala.com/digikala-products/749e48825be881c64971da174eaf473a5f2cbb70_1603027864.jpg,https://dkstatics-public.digikala.com/digikala-products/9e72d905ada3bf590c150ed720c972bee7c69710_1603027859.jpg,https://dkstatics-public.digikala.com/digikala-products/4fff64e9e71c504f13853f8f5a5fe6bf591cf3d3_1603027867.jpg,https://dkstatics-public.digikala.com/digikala-products/e7616902cf449344d6e85228763ab0624e794dae_1603027869.jpg,https://dkstatics-public.digikala.com/digikala-products/c5a106b0637ce74e427ecf03ed8db15615503422_1603027870.jpg,[],[],[],4950000,3220000,[],[]
3556320-شلوار-مردانه-آر-ان-اس-مدل-133039-59,https://www.digistyle.com/product/3556320-شلوار-مردانه-آر-ان-اس-مدل-133039-59,https://dkstatics-public.digikala.com/digikala-products/a3d1a2ef7ceee965470da8b3642cfcae4f101de7_1603027858.jpg,https://dkstatics-public.digikala.com/digikala-products/ff96ea2569a7f99afad78461bb9192d325db99a4_1617604630.jpg,https://dkstatics-public.digikala.com/digikala-products/749e48825be881c64971da174eaf473a5f2cbb70_1603027864.jpg,https://dkstatics-public.digikala.com/digikala-products/9e72d905ada3bf590c150ed720c972bee7c69710_1603027859.jpg,https://dkstatics-public.digikala.com/digikala-products/4fff64e9e71c504f13853f8f5a5fe6bf591cf3d3_1603027867.jpg,https://dkstatics-public.digikala.com/digikala-products/e7616902cf449344d6e85228763ab0624e794dae_1603027869.jpg,https://dkstatics-public.digikala.com/digikala-products/c5a106b0637ce74e427ecf03ed8db15615503422_1603027870.jpg,[],[],[],4950000,3220000,[],[]
4169935-شلوار-مردانه-کوتون-مدل-8yam41927nw-18a,https://www.digistyle.com/product/4169935-شلوار-مردانه-کوتون-مدل-8yam41927nw-18a,https://dkstatics-public.digikala.com/digikala-products/bd015853e8b4593a9d8c7711f8cb41a221214be0_1610451551.jpg,https://dkstatics-public.digikala.com/digikala-products/5e509d3646b7feb70aa79a8586c6866c4226bcd4_1610451552.jpg,https://dkstatics-public.digikala.com/digikala-products/03a2b585acce3c154e6df78c3570a222188079a2_1610451554.jpg,https://dkstatics-public.digikala.com/digikala-products/f10d9499b21d2aecf8eb3c0243526bb9d0e3dac0_1610451555.jpg,https://dkstatics-public.digikala.com/digikala-products/b5cd99ce6e63c8b0dba4dd0209b8927032b2b7d2_1610451556.jpg,https://dkstatics-public.digikala.com/digikala-products/9296615b15c4ead1fbbded164e5de72fcf5af0d1_1610451573.jpg,[],[],[],[],6490000,[],[],[]
4169935-شلوار-مردانه-کوتون-مدل-8yam41927nw-18a,https://www.digistyle.com/product/4169935-شلوار-مردانه-کوتون-مدل-8yam41927nw-18a,https://dkstatics-public.digikala.com/digikala-products/bd015853e8b4593a9d8c7711f8cb41a221214be0_1610451551.jpg,https://dkstatics-public.digikala.com/digikala-products/5e509d3646b7feb70aa79a8586c6866c4226bcd4_1610451552.jpg,https://dkstatics-public.digikala.com/digikala-products/03a2b585acce3c154e6df78c3570a222188079a2_1610451554.jpg,https://dkstatics-public.digikala.com/digikala-products/f10d9499b21d2aecf8eb3c0243526bb9d0e3dac0_1610451555.jpg,https://dkstatics-public.digikala.com/digikala-products/b5cd99ce6e63c8b0dba4dd0209b8927032b2b7d2_1610451556.jpg,https://dkstatics-public.digikala.com/digikala-products/9296615b15c4ead1fbbded164e5de72fcf5af0d1_1610451573.jpg,[],[],[],[],6490000,[],[],[]
3935687-شلوار-مردانه-کالینز-مدل-cl1030285-nav,https://www.digistyle.com/product/3935687-شلوار-مردانه-کالینز-مدل-cl1030285-nav,https://dkstatics-public.digikala.com/digikala-products/2d7cf407030640a80e97facbab1ddb822321338a_1607879852.jpg,https://dkstatics-public.digikala.com/digikala-products/7025a430d72313deb0d8dd0c77d9eefdc4a28690_1607879853.jpg,https://dkstatics-public.digikala.com/digikala-products/0d4720ffbcad6cf6767c563b9d0e96a1ba9f9a7d_1607879854.jpg,https://dkstatics-public.digikala.com/digikala-products/8b9347af90c8f3a5d03a5bd55b66b740c6ec78f1_1607879856.jpg,https://dkstatics-public.digikala.com/digikala-products/e5014fc056824c4b87e9c41f790155aad5a6fa3c_1607879857.jpg,https://dkstatics-public.digikala.com/digikala-products/c0ab9d0d63db66361bad0aabc5438ce9a3640eae_1607879858.jpg,[],[],[],[],8190000,3280000,[],[]
3935687-شلوار-مردانه-کالینز-مدل-cl1030285-nav?size_id=2869,https://www.digistyle.com/product/3935687-شلوار-مردانه-کالینز-مدل-cl1030285-nav?size_id=2869,https://dkstatics-public.digikala.com/digikala-products/2d7cf407030640a80e97facbab1ddb822321338a_1607879852.jpg,https://dkstatics-public.digikala.com/digikala-products/7025a430d72313deb0d8dd0c77d9eefdc4a28690_1607879853.jpg,https://dkstatics-public.digikala.com/digikala-products/0d4720ffbcad6cf6767c563b9d0e96a1ba9f9a7d_1607879854.jpg,https://dkstatics-public.digikala.com/digikala-products/8b9347af90c8f3a5d03a5bd55b66b740c6ec78f1_1607879856.jpg,https://dkstatics-public.digikala.com/digikala-products/e5014fc056824c4b87e9c41f790155aad5a6fa3c_1607879857.jpg,https://dkstatics-public.digikala.com/digikala-products/c0ab9d0d63db66361bad0aabc5438ce9a3640eae_1607879858.jpg,[],[],[],[],8190000,3280000,[],[]
3935687-شلوار-مردانه-کالینز-مدل-cl1030285-nav?size_id=2586,https://www.digistyle.com/product/3935687-شلوار-مردانه-کالینز-مدل-cl1030285-nav?size_id=2586,https://dkstatics-public.digikala.com/digikala-products/2d7cf407030640a80e97facbab1ddb822321338a_1607879852.jpg,https://dkstatics-public.digikala.com/digikala-products/7025a430d72313deb0d8dd0c77d9eefdc4a28690_1607879853.jpg,https://dkstatics-public.digikala.com/digikala-products/0d4720ffbcad6cf6767c563b9d0e96a1ba9f9a7d_1607879854.jpg,https://dkstatics-public.digikala.com/digikala-products/8b9347af90c8f3a5d03a5bd55b66b740c6ec78f1_1607879856.jpg,https://dkstatics-public.digikala.com/digikala-products/e5014fc056824c4b87e9c41f790155aad5a6fa3c_1607879857.jpg,https://dkstatics-public.digikala.com/digikala-products/c0ab9d0d63db66361bad0aabc5438ce9a3640eae_1607879858.jpg,[],[],[],[],8190000,3280000,[],[]
3935687-شلوار-مردانه-کالینز-مدل-cl1030285-nav,https://www.digistyle.com/product/3935687-شلوار-مردانه-کالینز-مدل-cl1030285-nav,https://dkstatics-public.digikala.com/digikala-products/2d7cf407030640a80e97facbab1ddb822321338a_1607879852.jpg,https://dkstatics-public.digikala.com/digikala-products/7025a430d72313deb0d8dd0c77d9eefdc4a28690_1607879853.jpg,https://dkstatics-public.digikala.com/digikala-products/0d4720ffbcad6cf6767c563b9d0e96a1ba9f9a7d_1607879854.jpg,https://dkstatics-public.digikala.com/digikala-products/8b9347af90c8f3a5d03a5bd55b66b740c6ec78f1_1607879856.jpg,https://dkstatics-public.digikala.com/digikala-products/e5014fc056824c4b87e9c41f790155aad5a6fa3c_1607879857.jpg,https://dkstatics-public.digikala.com/digikala-products/c0ab9d0d63db66361bad0aabc5438ce9a3640eae_1607879858.jpg,[],[],[],[],8190000,3280000,[],[]
4451890-شلوار-مردانه-کوتون-مدل-8yam41541nw-890,https://www.digistyle.com/product/4451890-شلوار-مردانه-کوتون-مدل-8yam41541nw-890,https://dkstatics-public.digikala.com/digikala-products/14e03d82be10b7f71d2b6389ee69f8136aa64c96_1613542147.jpg,https://dkstatics-public.digikala.com/digikala-products/91942a17a692e9ea374d471a73ce7579c8a744ec_1613542148.jpg,https://dkstatics-public.digikala.com/digikala-products/3fa509bb701f5f071423bd308383f50cd282d3ca_1613542150.jpg,https://dkstatics-public.digikala.com/digikala-products/ff3e69551ae325114fb6586cea3fd3a4ec60c25c_1613542149.jpg,https://dkstatics-public.digikala.com/digikala-products/088d181b5d468467dfa241604fa3fa789b04875c_1613542151.jpg,https://dkstatics-public.digikala.com/digikala-products/ce588bafc8eb6fa340acd443e56edbad9ee74c31_1613542152.jpg,[],[],[],[],6490000,[],[],[]
4451890-شلوار-مردانه-کوتون-مدل-8yam41541nw-890?size_id=2582,https://www.digistyle.com/product/4451890-شلوار-مردانه-کوتون-مدل-8yam41541nw-890?size_id=2582,https://dkstatics-public.digikala.com/digikala-products/14e03d82be10b7f71d2b6389ee69f8136aa64c96_1613542147.jpg,https://dkstatics-public.digikala.com/digikala-products/91942a17a692e9ea374d471a73ce7579c8a744ec_1613542148.jpg,https://dkstatics-public.digikala.com/digikala-products/3fa509bb701f5f071423bd308383f50cd282d3ca_1613542150.jpg,https://dkstatics-public.digikala.com/digikala-products/ff3e69551ae325114fb6586cea3fd3a4ec60c25c_1613542149.jpg,https://dkstatics-public.digikala.com/digikala-products/088d181b5d468467dfa241604fa3fa789b04875c_1613542151.jpg,https://dkstatics-public.digikala.com/digikala-products/ce588bafc8eb6fa340acd443e56edbad9ee74c31_1613542152.jpg,[],[],[],[],6490000,[],[],[]
4451890-شلوار-مردانه-کوتون-مدل-8yam41541nw-890?size_id=2583,https://www.digistyle.com/product/4451890-شلوار-مردانه-کوتون-مدل-8yam41541nw-890?size_id=2583,https://dkstatics-public.digikala.com/digikala-products/14e03d82be10b7f71d2b6389ee69f8136aa64c96_1613542147.jpg,https://dkstatics-public.digikala.com/digikala-products/91942a17a692e9ea374d471a73ce7579c8a744ec_1613542148.jpg,https://dkstatics-public.digikala.com/digikala-products/3fa509bb701f5f071423bd308383f50cd282d3ca_1613542150.jpg,https://dkstatics-public.digikala.com/digikala-products/ff3e69551ae325114fb6586cea3fd3a4ec60c25c_1613542149.jpg,https://dkstatics-public.digikala.com/digikala-products/088d181b5d468467dfa241604fa3fa789b04875c_1613542151.jpg,https://dkstatics-public.digikala.com/digikala-products/ce588bafc8eb6fa340acd443e56edbad9ee74c31_1613542152.jpg,[],[],[],[],6490000,[],[],[]
4451890-شلوار-مردانه-کوتون-مدل-8yam41541nw-890?size_id=2585,https://www.digistyle.com/product/4451890-شلوار-مردانه-کوتون-مدل-8yam41541nw-890?size_id=2585,https://dkstatics-public.digikala.com/digikala-products/14e03d82be10b7f71d2b6389ee69f8136aa64c96_1613542147.jpg,https://dkstatics-public.digikala.com/digikala-products/91942a17a692e9ea374d471a73ce7579c8a744ec_1613542148.jpg,https://dkstatics-public.digikala.com/digikala-products/3fa509bb701f5f071423bd308383f50cd282d3ca_1613542150.jpg,https://dkstatics-public.digikala.com/digikala-products/ff3e69551ae325114fb6586cea3fd3a4ec60c25c_1613542149.jpg,https://dkstatics-public.digikala.com/digikala-products/088d181b5d468467dfa241604fa3fa789b04875c_1613542151.jpg,https://dkstatics-public.digikala.com/digikala-products/ce588bafc8eb6fa340acd443e56edbad9ee74c31_1613542152.jpg,[],[],[],[],6490000,[],[],[]
4451890-شلوار-مردانه-کوتون-مدل-8yam41541nw-890,https://www.digistyle.com/product/4451890-شلوار-مردانه-کوتون-مدل-8yam41541nw-890,https://dkstatics-public.digikala.com/digikala-products/14e03d82be10b7f71d2b6389ee69f8136aa64c96_1613542147.jpg,https://dkstatics-public.digikala.com/digikala-products/91942a17a692e9ea374d471a73ce7579c8a744ec_1613542148.jpg,https://dkstatics-public.digikala.com/digikala-products/3fa509bb701f5f071423bd308383f50cd282d3ca_1613542150.jpg,https://dkstatics-public.digikala.com/digikala-products/ff3e69551ae325114fb6586cea3fd3a4ec60c25c_1613542149.jpg,https://dkstatics-public.digikala.com/digikala-products/088d181b5d468467dfa241604fa3fa789b04875c_1613542151.jpg,https://dkstatics-public.digikala.com/digikala-products/ce588bafc8eb6fa340acd443e56edbad9ee74c31_1613542152.jpg,[],[],[],[],6490000,[],[],[]
2909062-شلوار-مردانه-کد-05,https://www.digistyle.com/product/2909062-شلوار-مردانه-کد-05,https://dkstatics-public.digikala.com/digikala-products/121548904.jpg,https://dkstatics-public.digikala.com/digikala-products/121548888.jpg,https://dkstatics-public.digikala.com/digikala-products/58aa8aaf3e2f923fcab1bc59f8b629bc4495ae74_1617609245.jpg,https://dkstatics-public.digikala.com/digikala-products/121548890.jpg,https://dkstatics-public.digikala.com/digikala-products/121548889.jpg,https://dkstatics-public.digikala.com/digikala-products/121548891.jpg,[],[],[],[],980000,230000,[],[]
2909062-شلوار-مردانه-کد-05?size_id=2584,https://www.digistyle.com/product/2909062-شلوار-مردانه-کد-05?size_id=2584,https://dkstatics-public.digikala.com/digikala-products/121548904.jpg,https://dkstatics-public.digikala.com/digikala-products/121548888.jpg,https://dkstatics-public.digikala.com/digikala-products/58aa8aaf3e2f923fcab1bc59f8b629bc4495ae74_1617609245.jpg,https://dkstatics-public.digikala.com/digikala-products/121548890.jpg,https://dkstatics-public.digikala.com/digikala-products/121548889.jpg,https://dkstatics-public.digikala.com/digikala-products/121548891.jpg,[],[],[],[],980000,230000,[],[]
2909062-شلوار-مردانه-کد-05?size_id=2585,https://www.digistyle.com/product/2909062-شلوار-مردانه-کد-05?size_id=2585,https://dkstatics-public.digikala.com/digikala-products/121548904.jpg,https://dkstatics-public.digikala.com/digikala-products/121548888.jpg,https://dkstatics-public.digikala.com/digikala-products/58aa8aaf3e2f923fcab1bc59f8b629bc4495ae74_1617609245.jpg,https://dkstatics-public.digikala.com/digikala-products/121548890.jpg,https://dkstatics-public.digikala.com/digikala-products/121548889.jpg,https://dkstatics-public.digikala.com/digikala-products/121548891.jpg,[],[],[],[],980000,230000,[],[]
2909062-شلوار-مردانه-کد-05?size_id=2637,https://www.digistyle.com/product/2909062-شلوار-مردانه-کد-05?size_id=2637,https://dkstatics-public.digikala.com/digikala-products/121548904.jpg,https://dkstatics-public.digikala.com/digikala-products/121548888.jpg,https://dkstatics-public.digikala.com/digikala-products/58aa8aaf3e2f923fcab1bc59f8b629bc4495ae74_1617609245.jpg,https://dkstatics-public.digikala.com/digikala-products/121548890.jpg,https://dkstatics-public.digikala.com/digikala-products/121548889.jpg,https://dkstatics-public.digikala.com/digikala-products/121548891.jpg,[],[],[],[],980000,230000,[],[]
2909062-شلوار-مردانه-کد-05?size_id=408,https://www.digistyle.com/product/2909062-شلوار-مردانه-کد-05?size_id=408,https://dkstatics-public.digikala.com/digikala-products/121548904.jpg,https://dkstatics-public.digikala.com/digikala-products/121548888.jpg,https://dkstatics-public.digikala.com/digikala-products/58aa8aaf3e2f923fcab1bc59f8b629bc4495ae74_1617609245.jpg,https://dkstatics-public.digikala.com/digikala-products/121548890.jpg,https://dkstatics-public.digikala.com/digikala-products/121548889.jpg,https://dkstatics-public.digikala.com/digikala-products/121548891.jpg,[],[],[],[],980000,230000,[],[]
